2788 3477
1451 167 1476 217 8

454 307 586 364 Saepe
616 308 766 351 librarii
797 322 886 351 cum
917 320 986 352 eos
1015 307 1196 364 fugisset,
1228 323 1425 363 quaenam
1454 313 1557 352 ratio
1586 312 1689 352 inter
1718 308 1896 365 singulas
1925 307 2211 353 sententiarum
2251 299 2390 366 partes
2425 305 2593 353 interce-

319 378 431 419 deret
461 392 521 429 ea,
560 391 663 429 quae
694 392 771 418 non
801 379 900 418 satis
930 379 1221 430 intellexerant,
1270 378 1323 419 ad
1353 379 1536 431 proxima
1566 391 1749 430 quaeque
1778 378 2123 420 accommodando
2153 383 2436 432 peccaverunt,
2481 378 2594 420 cuius
2630 408 2633 411 »

320 446 375 486 rei
407 436 644 498 exemplum*
665 445 979 497 deprehendisse
1023 445 1119 485 mihi
1149 445 1289 486 videor
1317 446 1358 485 in
1388 446 1522 486 libello
1553 444 1604 485 de
1633 458 1769 486 amore
1798 446 1922 499 prolis
1951 458 2041 499 cap.
2071 446 2141 486 IV.
2200 445 2262 486 Ibi
2291 445 2412 487 docet
2440 446 2593 487 Plutar-

317 512 415 552 chus
445 511 626 552 homines
655 512 792 552 liberis
822 525 985 564 operam
1021 511 1119 552 dare
1149 512 1375 562 utilitatem,
1421 524 1540 563 quam
1570 511 1664 552 inde
1706 515 1848 565 postea
1877 512 2034 566 capturi
2064 513 2155 564 sint,
2191 523 2445 564 nequaquam
2473 513 2594 566 respi-

319 580 482 630 cientes,
514 578 585 619 sed
616 580 704 631 ipsa
733 583 876 619 natura
907 578 1009 619 duce
1031 583 1071 619 et
1086 591 1221 619 amore
1252 579 1461 632 impulsos:
1493 581 1582 619 οὔτε
1610 579 1735 630 νόμος
1763 579 1813 631 ἦν
1842 580 2003 624 ἐκείνοις
2030 583 2303 632 τεκνοτροφεῖν
2330 580 2594 630 προστάττων,

318 648 407 685 οὔτε
436 647 656 698 προσδοκία
686 647 844 698 χάριτος
873 649 896 698 ἢ
927 648 1124 698 τροφείων
1153 647 1214 686 ἐπὶ
1257 648 1358 690 νέοις
1403 647 1700 698 δανειζομένων.
1772 645 1963 691 Χαλεπὰς
2000 647 2044 687 δὲ
2070 647 2221 699 μᾶλλον
2249 643 2391 697 εὔτοιιί
2422 647 2471 686 ἂν
2499 645 2595 687 εἶναι

318 714 385 753 καὶ
413 715 684 766 μνησικάκους
712 713 780 757 τὰς
808 715 999 757 τεκούσας
1041 718 1120 758 τοῖς
1153 715 1328 765 βρέφεσι,
1372 714 1569 753 κινδύνων
1597 729 1636 753 τε
1678 714 1863 765 μεγάλων
1891 714 1958 753 καὶ
1985 714 2124 754 πόνων
2167 714 2301 758 αὐταῖς
2343 714 2594 765 γιγνομένων.

319 780 498 832 Quaero:
545 793 710 831 quorum
740 780 1019 832 periculorum,
1050 793 1217 831 quorum
1247 780 1457 820 laborum?
1515 780 1683 820 Miseros
1712 779 1897 831 infantes,
1943 780 2010 831 qui
2041 779 2217 820 infensas
2245 779 2421 820 habeant
2449 783 2597 820 matres

319 851 484 899 propter
513 847 645 886 onmia
675 859 724 886 ea
752 846 933 898 pericula
963 851 1003 886 et
1033 846 1202 897 labores,
1234 858 1337 897 quae
1366 847 1407 886 in
1437 846 1639 886 hominum
1670 846 1754 886 vita
1790 849 2011 886 versantur.
2085 846 2343 886 Plutarchum
2387 844 2465 886 hoc
2507 845 2596 886 loeo

319 913 406 954 sola
436 926 485 954 ea
514 913 691 966 pericula
721 912 967 965 intellegere,
999 926 1102 964 quae
1132 914 1327 954 matribus
1357 918 1474 966 partu
1505 912 1774 963 intendantur,
1823 936 1875 941 —
1921 925 2024 964 quac
2056 925 2146 953 cum
2191 926 2263 965 pro
2293 912 2419 953 nihilo
2452 916 2595 965 putant

318 993 509 1033 magnum
539 993 635 1020 sane
665 979 763 1019 dant
792 984 996 1020 maternae
1027 981 1207 1020 caritatis
1237 979 1517 1022 documentum
1539 1003 1593 1008 -
1614 984 1654 1020 et
1684 992 1747 1020 res
1777 980 1877 1032 ipsa,
1908 978 1958 1019 de
1990 991 2069 1030 qua
2099 980 2246 1032 agitur,
2277 979 2396 1021 docet
2426 983 2466 1020 et
2494 978 2596 1020 haee

319 1047 463 1087 addita
493 1048 616 1087 verba
637 1048 818 1086 Homeri:
846 1047 924 1090 Ὠς
945 1046 979 1086 δ’
1003 1048 1096 1086 ὅταν
1126 1049 1348 1086 ὠδίνουσαν
1378 1049 1447 1098 ἔχῃ
1468 1048 1583 1098 βέλος
1603 1047 1675 1092 ὀξὺ
1695 1051 1860 1097 γυναῖκα
1891 1046 2023 1097 δριμύ,
2053 1047 2096 1085 τό
2116 1061 2156 1085 τε
2174 1050 2332 1097 προῖᾶσι
2359 1047 2597 1098 μογοστόκοι

319 1115 535 1153 Εἰλείθυιαι
558 1114 684 1164 ’Ἠρης
713 1115 928 1164 θυγατέρες
956 1114 1101 1164 πικρὰς
1130 1115 1278 1156 ὠδῖνας
1307 1116 1476 1164 ἔχουσαι.
1536 1113 1678 1162 Itaque
1723 1118 1792 1151 aut
1835 1112 1993 1151 reticuit
2023 1111 2064 1150 id
2100 1113 2242 1163 ipsum,
2288 1111 2395 1162 quod
2424 1113 2596 1152 maxime

319 1179 402 1221 dici
432 1180 642 1233 oportebat
671 1183 741 1219 aut
770 1180 948 1232 scripsit:
980 1179 1170 1224 Χαλεπάς
1200 1181 1242 1219 δὲ
1270 1180 1420 1231 μᾶλλον
1449 1177 1591 1229 εἴποιμ’
1622 1180 1671 1218 ἂν
1700 1179 1794 1218 εἶναι
1823 1179 1890 1217 καὶ
1917 1179 2187 1229 μνησικάκους
2215 1178 2283 1221 τὰς
2311 1179 2500 1222 τεκούσας
2518 1183 2597 1222 τοῖς

319 1249 494 1299 βρέφεσι,
524 1248 718 1286 κινδύνων
747 1262 786 1286 τε
814 1247 999 1298 μεγάλων
1027 1247 1094 1286 καὶ
1122 1247 1259 1287 πόνων
1288 1247 1459 1290 αἰτίοις
1489 1246 1800 1297 γιγνομένοις.
2243 1248 2248 1252 ”

456 1316 587 1357 αἰτίοις
616 1315 655 1352 in
685 1315 820 1356 αὐτοῖς
850 1318 1037 1366 corrupto
1068 1316 1308 1364 γιγνομένοις
1338 1326 1547 1365 perperam
1578 1312 1923 1352 accommodatum
1955 1316 2014 1351 est
2045 1310 2097 1350 ad
2127 1312 2325 1350 κινδύνων
2354 1312 2420 1350 καὶ
2448 1312 2594 1351 πόνων.

320 1382 479 1426 Αὐταῖς,
510 1394 597 1421 cuin
628 1381 809 1433 proxime
839 1380 1057 1433 praecedat
1086 1383 1289 1426 τεκούσαις
1318 1394 1434 1422 nemo
1465 1379 1724 1420 desiderabit.
