2788 3477
1329 152 1354 192 3

205 289 373 339 Χερρον.
430 286 517 335 §51
549 285 775 335 (Φίλιππος)
795 287 1067 332 συσκευάζεται
1096 287 1244 330 πάντας
1272 286 1515 337 ἀνθρώπους
1544 283 1606 336 ἐφ’
1638 286 1751 336 ὑμᾶς.
1810 283 1905 323 ibid.
1937 286 1961 333 ξ
1977 284 2023 324 6:
2053 285 2177 323 πάντα
2208 286 2249 324 ὸὲ
2277 286 2343 325 τὸν
2371 287 2464 337 χρό-

203 370 273 395 νον
301 356 478 405 συνεχῶς
505 352 551 392 τὰ
579 355 660 392 τῶν
687 352 818 392 ἄλλων
841 351 1041 404 Ἑλλήνων
1068 352 1135 392 καὶ
1162 353 1383 404 βαρβάρων
1410 352 1627 404 λαμβάνων
1655 351 1721 390 καὶ
1750 348 1812 402 ἐφ’
1845 352 1949 402 ἡμᾶς
1977 352 2322 402 συσκευαζόμενος.
2366 352 2465 393 Con-

204 420 297 461 ferri
326 420 447 460 etiam
476 423 640 472 possunt
670 418 711 458 hi
741 419 818 459 loci
848 417 1054 459 Plutarchi
1082 419 1167 459 vita
1195 419 1380 460 Caesaris
1409 431 1499 471 cap.
1529 419 1651 458 XXI:
1682 419 1749 458 καὶ
1778 419 1853 469 γὰρ
1882 418 2000 462 αὐτὸς
2028 417 2072 457 εὖ
2101 419 2268 469 θέμενος
2296 420 2340 459 τὰ
2366 421 2463 459 κατὰ

203 488 273 538 τὴν
301 486 495 526 Γαλατίαν
521 487 636 525 πάλιν
665 487 707 524 ἐν
734 490 814 529 τοῖς
841 486 929 536 περὶ
957 485 1101 525 Πάδον
1142 486 1304 537 χωρίοις
1346 486 1562 537 διεχείμαζε
1605 485 1942 535 συσκευαζόμενος
1977 485 2047 535 τὴν
2074 486 2195 523 πόλιν.
2253 486 2334 524 vita
2364 485 2464 525 Pho-

203 553 328 593 cionis
358 565 392 593 c.
424 552 608 593 XXXII:
652 551 1006 603 Συσκευαζόμενος
1035 552 1111 603 γὰρ
1140 554 1194 596 εἷς
1222 553 1361 592 ἑαυτὸν
1390 553 1413 592 ὁ
1442 552 1743 603 Πολυσπέρχων
1772 551 1841 602 τὴν
1868 551 1996 590 πόλιν·
2026 552 2103 590 κτλ.
2170 551 2231 591 De
2261 552 2463 593 mulierum

202 620 291 660 virt.
322 620 470 671 (Micca
498 623 539 660 et
567 618 774 671 Megist0):
807 619 848 658 ἐν
875 619 948 671 μὲν
975 624 1023 672 τῇ
1051 619 1159 660 πόλει
1187 621 1394 672 συνέστησε
1421 621 1562 671 πρᾶξιν
1591 619 1653 658 ἐπὶ
1681 618 1748 658 τὸν
1775 618 1967 670 τύραννον
1991 617 2215 663 Ἑλλάνικος
2244 619 2360 659 simil.

329 687 418 727 Ἐπὶ
445 691 537 740 post
564 687 640 726 πόλ
655 701 673 726 ε
689 702 700 725 ι
716 701 736 730 ς
763 685 982 737 intercidit,
1012 698 1091 737 quo
1121 685 1230 726 facto
1259 687 1450 727 insertum
1480 690 1541 726 est
1569 687 1646 725 καί.

335 755 396 794 De
426 752 624 806 capienda
653 765 703 793 ex
733 753 905 792 inimicis
933 752 1105 793 utilitate
1135 766 1225 805 cap.
1255 754 1334 793 III:
1382 784 1391 793 .
1414 784 1423 792 .
1447 784 1456 793 .
1504 753 1559 792 Τὰ
1588 758 1778 792 νοσοῦντα
1821 757 1890 792 τοῦ
1926 754 2015 803 βίου
2045 754 2112 792 καὶ
2141 754 2274 804 φαῦλα
2304 755 2368 793 καὶ
2396 771 2461 794 πε-

200 822 377 862 πονθότα
406 825 505 861 κινεῖ
528 821 596 860 τὸν
625 820 773 872 ἐχθρὸν
801 820 867 859 καὶ
894 819 997 871 πρὸς
1024 818 1129 860 ταῦτ’
1159 821 1198 860 οἱ
1224 824 1426 872 μισοῦντες
1454 821 1608 871 ᾄττουσι
1636 820 1703 859 καὶ
1730 820 1881 860 τούτων
1901 821 2083 859 ἅπτονται
2112 820 2178 859 καὶ
2198 822 2463 871 σπαράττουσι.

204 885 313 927 Τοῦτ’
345 887 417 927 οὖν
445 887 647 938 ὠφέλιμόν
675 886 771 936 ἐστις
801 887 904 930 πάνυ
933 886 1007 937 μὲν
1035 885 1119 932 οὖν,
1163 887 1454 938 εὐλαβούμενον
1483 888 1554 938 ζῆν
1582 887 1649 925 καὶ
1682 888 1887 937 προσέχειν
1915 888 2044 937 ἑαυτῷ
2073 887 2139 925 καὶ
2167 888 2264 938 μήτε
2292 889 2464 937 πράττειν

198 955 324 1006 μηδὲν
352 955 557 1005 ὀλιγώρως
586 954 652 992 καὶ
681 954 975 1003 ἀπερισκέπτως
1003 954 1100 1004 μήτε
1126 954 1250 1004 λέγειν
1278 954 1355 992 κτλ.
1429 953 1474 992 In
1504 951 1566 992 his
1594 953 1764 1004 primum
1808 953 1905 992 satis
1935 953 2068 1004 inepte
2098 954 2318 1003 quaeritur:
2363 953 2461 994 τοῦτ’

199 1020 270 1061 οὖν
299 1021 501 1072 ὠφέλιμόν
529 1021 624 1070 ἐστις
656 1018 707 1059 de
736 1031 792 1070 re,
823 1031 941 1070 quam
972 1019 1182 1072 perutilem
1226 1032 1325 1071 esse,
1370 1015 1413 1059 ut
1443 1019 1599 1060 Horatii
1628 1031 1718 1059 mea
1753 1019 1912 1069 faciam,
1958 1020 2138 1059 omnibus
2168 1019 2285 1072 lippis
2314 1025 2353 1060 et
2382 1025 2463 1060 ton-

197 1087 353 1127 soribus
382 1090 519 1126 notum
549 1090 589 1125 et
618 1089 727 1125 recte
757 1085 875 1125 docet
890 1085 1189 1136 Abreschius¹)‚
1220 1087 1261 1126 in
1291 1086 1484 1126 eiusmodi
1513 1087 1892 1138 interrogationibus
1921 1087 2148 1138 scriptores,
2180 1099 2269 1126 cum
2303 1100 2461 1139 exspec-

198 1158 294 1203 tent,
325 1166 557 1205 rcsponsum
587 1152 868 1192 affirmativum
897 1152 973 1192 sibi
1003 1151 1141 1193 datum
1171 1153 1230 1203 iri,
1261 1154 1319 1193 uti
1348 1153 1492 1193 vocula
1522 1152 1795 1205 interrogandi
1825 1152 1902 1204 ἆρα
1933 1166 2022 1193 cum
2045 1153 2241 1194 vocabulo
2270 1156 2343 1194 οὐκ
2374 1167 2461 1194 con-

197 1220 344 1260 iuncta.
403 1218 572 1270 Deinde,
617 1218 658 1258 id
703 1217 810 1270 quod
853 1219 977 1258 multo
1007 1219 1169 1271 gravius
1198 1223 1271 1271 est,
1316 1220 1349 1259 si
1379 1219 1529 1259 tradita
1558 1220 1677 1259 lectio
1707 1231 1803 1259 vera
1833 1224 1905 1270 est,
1951 1219 2190 1260 Plutarchus
2226 1221 2282 1260 ita
2311 1221 2462 1261 locutus

196 1291 268 1337 est,
313 1291 368 1337 ut,
413 1287 453 1325 in
484 1298 562 1337 quo
592 1285 714 1326 cardo
744 1286 801 1325 rei
831 1289 1020 1336 vertatur,
1065 1299 1226 1338 prorsus
1269 1287 1415 1326 oblitus
1444 1287 1508 1326 sit.
1567 1286 1672 1334 Quid
1716 1287 1820 1326 enim
1851 1286 1978 1326 dicit?
2036 1288 2210 1327 Primum
2240 1288 2335 1327 utile
2363 1300 2461 1337 esse,

195 1353 376 1401 inimicos
407 1353 503 1392 vitia
532 1357 668 1391 nostra
698 1353 875 1404 arripere
905 1356 945 1391 et
974 1353 1242 1403 perstringere
1273 1354 1333 1400 (τὰ
1363 1358 1551 1392 νοσοῦντα
1581 1358 1650 1392 τοῦ
1679 1355 1768 1403 βίου
1797 1354 1864 1391 καὶ
1892 1355 2024 1404 φαῦλα
2152 1359 2250 1392 κινεῖ.
2274 1355 2340 1392 τὸν
2368 1356 2460 1404 ἐχθ-

195 1419 267 1470 ρὸν
296 1420 362 1459 καὶ
391 1421 429 1459 οἱ
456 1423 658 1471 μισοῦντες
688 1451 695 1458 .
718 1451 725 1458 .
748 1450 755 1458 .
785 1419 936 1458 τούτων
964 1420 1147 1459 ἅπτονται
1175 1419 1242 1458 καὶ
1271 1420 1545 1470 σπαράττουσι)
1590 1418 1736 1459 deinde
1771 1418 1868 1459 utile
1912 1431 1998 1459 esse
2043 1422 2150 1469 (nam
2180 1418 2232 1459 ad
2261 1421 2362 1459 πάνυ
2391 1421 2462 1472 μὲν

194 1486 265 1526 οὖν
295 1485 560 1538 supplendum
591 1489 651 1526 est
681 1487 883 1537 ὠφέλιμόν
912 1486 1003 1535 ἔστι)
1048 1490 1164 1526 caute
1194 1486 1329 1526 vivere
1373 1497 1501 1537 neque
1545 1486 1608 1525 vel
1653 1486 1786 1526 dicere
1817 1485 2033 1537 quidquam
2073 1487 2137 1526 vel
2168 1499 2287 1538 agere
2316 1491 2461 1526 temere

194 1558 263 1593 aut
293 1553 600 1593 inconsiderate.
673 1552 785 1601 Quae
829 1557 872 1592 ut
915 1566 1103 1604 magnam
1147 1565 1198 1592 ex
1241 1553 1412 1593 inimicis
1454 1553 1668 1594 utilitatem
1714 1554 1804 1605 capi
1848 1554 1962 1593 nobis
1996 1553 2302 1605 persuaderetur
2330 1577 2383 1582 —
2411 1554 2461 1594 de

194 1621 303 1661 nulla
332 1624 466 1661 autem
495 1621 575 1661 alia
604 1633 647 1661 re
676 1621 809 1672 agitur
837 1644 892 1649 —
921 1621 979 1660 ita
1008 1623 1102 1673 apte
1131 1619 1402 1672 cohaererent,
1433 1621 1466 1661 si
1495 1621 1678 1673 scriptor,
1709 1619 1750 1660 id
1781 1619 1888 1672 quod
1916 1633 2168 1672 nequaquam
2199 1621 2377 1661 omittere
2397 1620 2461 1661 de-

196 1688 328 1739 bebat,
360 1687 583 1728 addidisset
613 1688 746 1728 omnia
775 1688 843 1728 illa
872 1687 957 1728 scil.
987 1688 1031 1728 τὸ
1060 1689 1351 1740 εὐλαβούμενον
1374 1690 1444 1741 ζῆν
1472 1689 1539 1728 καὶ
1567 1690 1774 1740 προσέχειν
1804 1689 1933 1740 ἑαυτῷ
1961 1689 2027 1728 καὶ
2055 1690 2153 1740 μήτε
2182 1691 2357 1739 πράττειν
2384 1704 2459 1740 μη-

196 1756 263 1794 δὲν
292 1756 497 1806 ὀλιγώρως
526 1756 591 1794 καὶ
618 1756 913 1812 ἀπερισκέπτως
941 1756 1039 1806 μήτε
1066 1755 1188 1805 λέγειν
1215 1755 1324 1794 nulla
1353 1755 1433 1795 alia
1462 1767 1504 1795 re
1533 1755 1675 1795 melius
1704 1754 1810 1795 effici
1840 1768 1959 1806 quam
1989 1768 2049 1805 eo,
2081 1755 2187 1806 quod
2217 1755 2460 1795 inimicorum

199 1821 363 1862 vocibus
392 1834 656 1875 carperemur.
716 1821 867 1862 Deesse
910 1825 1078 1874 apparet
1121 1821 1386 1874 participium,
1432 1834 1524 1873 quo
1555 1834 1705 1862 causa
1735 1822 2069 1873 contineatur,
2101 1834 2185 1862 cur
2214 1822 2336 1874 quod
2365 1822 2458 1862 utile

199 1901 286 1927 esse
316 1892 436 1928 antea
465 1888 615 1927 dictum
645 1892 730 1928 erat
761 1889 861 1937 (scil.
891 1889 937 1927 τὰ
966 1893 1155 1927 νοσοῦντα
1192 1893 1261 1927 τοῦ
1304 1891 1392 1939 βίου
1435 1890 1503 1928 καὶ
1545 1890 1677 1940 φαῦλα
1709 1920 1834 1927 .....
1865 1891 2140 1939 σπαράττουσι)
2171 1889 2211 1928 id
2242 1902 2333 1928 vere
2362 1890 2456 1928 utile

199 1967 285 1994 esse
315 1954 581 2006 intellegatur.
640 1954 687 1994 Id
718 1958 851 1994 autem
881 1955 920 1994 in
949 1954 1155 2006 particulis
1182 1955 1256 2005 μὲν
1284 1954 1356 1994 οὖν
1384 1954 1509 1995 latere
1537 1959 1634 2007 puto
1665 1954 1977 2006 legendumque:
2018 1954 2127 1995 Τοῦτ’
2160 1955 2230 1995 οὗν
2260 1956 2457 2006 ὠφέλιμόν

199 2022 274 2060 ἔστι
303 2022 417 2066 πάνυ,
448 2022 682 2072 ἐμποιοῦν
711 2022 1001 2072 εὐλαβούμενον
1031 2022 1102 2072 ζῆν
1129 2021 1196 2059 καὶ
1224 2022 1428 2072 προσέχειν
1457 2022 1586 2072 ἑαυτῷ
1614 2022 1691 2060 κτλ.

331 2087 368 2129 N
371 2088 478 2127 ocuit
494 2087 663 2127 formula
691 2088 1009 2138 frequentissime
1039 2091 1230 2138 usurpata
1258 2089 1361 2126 πάνυ
1390 2089 1464 2138 μὲν
1493 2088 1574 2132 οὗν,
1605 2088 1717 2127 cuius
1747 2088 1786 2127 in
1817 2092 1986 2127 mentem
2005 2089 2114 2128 venit
2144 2089 2296 2128 scribae
2318 2089 2456 2128 litteris

197 2169 263 2194 ποι
293 2157 386 2194 ante
415 2170 462 2194 ov
493 2152 647 2194 deletis.
706 2155 877 2206 ἐμποιεῖν
920 2156 980 2194 est
1024 2153 1152 2193 cinem
1182 2156 1308 2193 etwas
1337 2153 1570 2206 beibringen
1608 2153 1659 2194 cf.
1691 2154 1793 2194 Xen.
1825 2154 1954 2195 Anab.
1985 2155 2038 2206 II,
2075 2155 2113 2206 6,
2145 2155 2182 2195 8.
2236 2155 2384 2199 Ἱκανὸς
2414 2156 2456 2194 ὁὲ

197 2222 263 2260 καὶ
293 2222 499 2273 ἐμποιῆσαι
527 2226 607 2265 τοῖς
634 2226 836 2273 παροῦσιν,
867 2222 925 2264 ὡς
952 2222 1125 2260 πειστέον
1153 2222 1210 2272 εἴη
1242 2221 1447 2272 Κλεάρχῳ.
1493 2221 1588 2261 Oec.
1619 2222 1734 2272 XXI,
1767 2223 1810 2261 7:
1849 2224 2068 2273 ἐρρωμένοι
2097 2225 2279 2274 ἄρχοντες
2308 2224 2454 2273 γίγνον-

197 2303 267 2332 ται,
298 2290 340 2326 οἳ
363 2290 412 2326 ἂν
435 2286 635 2327 δύνωνται
663 2290 871 2339 ἐμποιῆσαι
898 2293 978 2331 τοῖς
1006 2289 1254 2344 στρατιώταις
1283 2289 1576 2338 ἀκολουθητέον
1619 2288 1713 2327 εἶναι
1757 2290 1822 2328 καὶ
1867 2290 1929 2328 διὰ
1973 2290 2100 2339 πυρὸς
2128 2291 2193 2328 καὶ
2223 2290 2283 2328 διὰ
2312 2289 2455 2333 παντὸς

197 2354 391 2394 κινὸύνου.
451 2354 554 2395 Plut.
586 2353 692 2407 Lyk.
724 2354 846 2394 XXX
877 2355 1030 2406 ἐμποιεῖ
1054 2354 1076 2393 ὁ
1105 2354 1239 2398 καλῶς
1267 2354 1377 2404 ἄγων
1405 2354 1449 2394 τὸ
1478 2354 1612 2398 καλῶς
1641 2356 1813 2395 ἕπεσθαι.

330 2420 448 2460 Πάνυ
477 2421 598 2461 etiam
627 2420 679 2461 ab
709 2420 868 2474 optimis
912 2420 1169 2473 scriptoribus
1212 2420 1461 2473 postponitur
1503 2419 1556 2460 ad
1600 2421 1819 2461 sententiae
1850 2422 1930 2462 vim
1975 2422 2211 2474 augendam.
2270 2422 2320 2461 cf.
2352 2422 2454 2461 Xen.

198 2487 326 2526 Anab.
358 2487 427 2537 IV,
457 2488 496 2537 6,
531 2488 600 2526 14:
646 2489 825 2526 ἐντεῦθεν
853 2489 1063 2538 ἅνθρωποι
1104 2488 1177 2538 μὲν
1220 2488 1339 2537 ὀλίγοι
1381 2489 1484 2526 πάνυ
1528 2489 1771 2539 ἐλήφθησαν,
1814 2491 1906 2539 βόες
1950 2491 1992 2528 ὁὲ
2021 2491 2087 2527 καὶ
2116 2491 2198 2527 ὄνοι
2227 2490 2361 2527 πολλοὶ
2389 2490 2455 2527 καὶ

196 2554 386 2605 πρόβατα.
2300 2558 2303 2561 ’

331 2619 538 2661 Demosth.
568 2621 667 2661 κατὰ
697 2620 888 2665 Κόνωνος
919 2633 1007 2673 cap.
1038 2621 1058 2661 I
1088 2620 1171 2660 init.
1202 2621 1302 2660 ὥστε
1329 2621 1452 2660 πολὺν
1481 2621 1626 2673 χρόνον
1654 2622 1757 2661 πάνυ
1800 2623 1898 2674 μήτε
1926 2622 2016 2667 τοὺς
2045 2623 2209 2666 οἰκείους
2250 2623 2347 2674 μήτε
2376 2626 2455 2661 τῶν

197 2689 342 2737 ἰατρῶν
369 2688 521 2739 μηδένα
550 2688 780 2738 προσδοκᾶν
807 2689 1124 2739 περιφευξεῖσθαι
1151 2703 1211 2738 με.
1242 2687 1310 2736 (cf.
1341 2687 1581 2727 Schiimann.
1612 2687 1666 2727 ad
1695 2689 1850 2727 Isaeum
1881 2702 1974 2741 pag.
2005 2690 2114 2737 300).

329 2754 392 2795 Ne
421 2766 520 2805 quos
549 2754 845 2794 fastidiosarum
875 2755 1027 2794 aurium
1057 2754 1235 2794 homines
1264 2754 1396 2795 hiatus
1425 2754 1615 2805 offendat,
1646 2756 1725 2794 iam
1756 2756 1992 2797 Sintenisius
2022 2756 2155 2795 docuit
2167 2757 2196 2805 2>
2226 2769 2303 2795 non
2334 2756 2455 2796 offen-

197 2820 292 2861 dere
323 2820 486 2872 hiatum,
516 2821 585 2861 ubi
614 2820 884 2861 intercedente
914 2821 1229 2874 interpunctione
1259 2834 1386 2874 pausa
1415 2821 1497 2862 fiat.
1560 2822 1727 2874 „Hiatus
1757 2827 1849 2863 ante
1880 2836 2034 2864 comma
2063 2823 2191 2863 nullus
2220 2822 2304 2863 est“
2346 2824 2455 2873 (Ber-

196 2887 420 2939 nardakis).

331 3045 364 3084 1)
387 3043 682 3078 Observationes
707 3044 860 3077 criticae
886 3043 935 3076 ad
959 3044 1151 3077 Plutarchi
1176 3045 1373 3077 moralium
1400 3046 1525 3088 capita
1551 3045 1690 3078 selecta
1715 3056 1801 3089 pag.
1827 3046 1879 3079 25.

329 3102 363 3141 2)
387 3102 426 3135 in
451 3101 615 3135 editione
639 3102 804 3135 vitarum
828 3101 878 3135 IV
903 3111 991 3145 pag.
1014 3101 1091 3135 328.
