2788 3477
1337 147 1364 186 4

346 284 405 323 De
426 283 545 322 exilio
562 295 651 333 cap.
669 282 765 320 VII:
793 282 843 321 Ὁ
863 280 898 319 δ’
925 282 1151 331 Ἀλκμαίων
1180 281 1262 320 ἰλὺν
1291 285 1466 332 νεοπαγῆ
1485 285 1553 321 τοῦ
1569 281 1767 332 Ἀχελώου
1797 283 2123 333 προσχωννύντος
2152 282 2357 333 ἐπῴκησεν
2385 283 2483 322 ὕπο-

207 351 372 401 φεύγων
400 350 468 393 τὰς
497 348 732 399 Εὐμενίδας,
763 348 821 392 ὡς
851 349 888 387 οἱ
916 348 1071 399 ποιηταὶ
1100 348 1292 398 λέγουσιν·
1338 348 1418 398 ἐγὼ
1449 348 1492 387 δὲ
1520 348 1704 387 κάκεῖνον
1732 349 1880 394 εἰκάζω
1910 349 2104 399 φεύγοντα
2133 348 2331 393 πολιτικὰς
2358 349 2485 401 ἀρχὰς

208 417 275 456 καὶ
305 417 452 459 στάσεις
482 416 547 454 καὶ
577 415 843 466 συκοφαντίας
872 414 1098 465 ἐρινυώδεις
1127 414 1284 453 ἑλέσθαι
1312 414 1443 466 βραχὺ
1472 414 1621 465 χωρίον
1650 414 1922 466 ἀπραγμόνως
1951 415 1992 455 ἐν
2020 415 2161 467 ἡσυχίᾳ
2189 419 2392 455 κατοικεῖν.

345 485 491 525 στάσεις
535 483 600 520 καὶ
644 482 902 532 συκοφαντίαι
932 482 1157 531 ἐρινυώδεις
1200 480 1347 520 docent
1378 480 1454 520 hoc
1483 481 1572 520 loco
1609 479 1660 520 de
1691 479 1903 520 discordiis
1931 481 2271 533 seditionibusque
2301 482 2485 523 civilibus

208 550 276 602 agi
307 550 444 601 iisque.
476 561 578 599 quae
608 560 678 588 eas
709 547 899 599 consequi
930 547 1070 598 solent,
1101 547 1228 598 malis,
1260 560 1338 587 non
1368 547 1420 588 de
1450 546 1665 588 honoribus
1695 551 1735 587 et
1764 548 2065 600 magistratibus
2095 549 2120 589 i.
2151 561 2185 589 e.
2216 549 2365 601 ἀρχαῖς.
2423 549 2485 590 De

209 617 353 668 quibus
383 617 414 655 si
446 620 643 667 ageretur,
676 614 915 654 Plutarchus
944 615 1142 658 πολιτικὰς
1173 618 1280 654 certe
1311 627 1388 653 non
1418 613 1655 665 addidisset,
1686 619 1729 654 ut
1758 615 1950 655 sescentis
1979 616 2068 656 aliis
2096 616 2195 656 locis
2215 628 2292 655 non
2313 614 2483 667 addidit,

211 685 278 723 ubi
310 683 359 722 (le
391 683 604 721 honoribus
634 686 674 721 ct
704 681 1007 733 magistratibus
1036 681 1134 732 agit.
1195 680 1246 720 cf.
1277 680 1330 720 ad
1360 681 1583 733 principem
1613 680 1855 721 ineruditum
1885 693 1974 734 cap.
2006 681 2082 722 VI:
2113 683 2203 726 τοὺς
2233 680 2268 721 δ’
2299 683 2484 722 ἀπαιδεύ-

211 768 302 794 τους
345 752 410 789 καὶ
447 751 615 800 ἀμαθεῖς
644 751 668 800 ἡ
699 750 795 800 τύχη
839 749 985 799 μικρὸν
1029 749 1300 799 ἐκκουφίσασα
1344 749 1526 791 πλούτοις
1568 749 1661 787 τισὶν
1691 751 1714 799 ἢ
1746 749 1879 794 δόξαις
1908 751 1932 799 ἢ
1963 749 2103 800 ἀρχαῖς
2131 750 2209 788 κτλ.
2240 763 2291 789 an
2320 749 2405 789 seni
2434 749 2486 789 sit

210 816 388 869 gerenda
419 829 479 855 res
509 815 637 868 publ.:
671 828 760 867 cap.
792 815 824 854 Ι.
855 815 932 866 ὀψὲ
963 815 1083 866 ἦλθες
1111 815 1239 866 ἀρχὴν
1268 815 1334 853 καὶ
1365 815 1623 865 δημαγωγίαν
1653 815 1868 866 διζήμενος.
1927 814 2025 855 ibid.
2056 828 2091 855 e.
2123 815 2196 856 VI:
2242 817 2359 856 οὐδέν
2388 818 2486 856 ἐστιν

214 886 236 923 ὃ
266 885 454 934 τοσαύτην
483 885 593 933 φέρει
623 884 747 933 χάριν,
792 883 890 933 ὅσην
932 883 1118 932 πράξεων
1161 882 1273 920 ἰδίων
1302 882 1344 920 ἐν
1375 882 1514 932 ἀρχαῖς
1557 882 1623 920 καὶ
1652 882 1856 932 πολιτείαις
1886 913 1892 920 .
1916 913 1948 920 ..
1979 883 2263 934 ἀναθεώρησις.
2322 882 2419 922 ibid.
2450 895 2484 923 e.

212 951 370 989 XVIII:
404 981 410 987 .
433 981 439 987 .
462 981 468 987 .
492 981 498 987 .
528 951 627 999 μήτε
656 949 707 987 αὖ
736 950 851 987 πάλιν
879 953 1010 987 πᾶσαν
1039 949 1166 998 ἀρχὴν
1195 949 1445 997 ἐπαιρόμενοι
1476 979 1483 986 .
1506 979 1513 985 .
1536 979 1543 986 .
1565 979 1572 985 .
1603 947 1700 986 ibid.
1733 961 1822 999 eap.
1854 949 1953 987 XX:
2000 949 2093 987 οὐδὲ
2137 949 2212 998 γὰρ
2264 951 2305 987 ἐν
2348 951 2486 1000 ἀρχαῖς

212 1016 278 1055 τὸν
306 1016 530 1067 τηλικοῦτον
559 1015 649 1065 ὥρα
679 1014 882 1065 φέρεσθαι.
941 1017 1159 1066 praecepta
1188 1012 1390 1065 gerendae
1420 1013 1477 1053 rei
1507 1013 1615 1066 publ.
1648 1026 1683 1053 e.
1716 1013 1839 1054 XIII:
1871 1015 1940 1053 εἰσὶ
1970 1014 2013 1054 δὲ
2041 1014 2108 1053 καὶ
2142 1014 2295 1065 χάριτες
2324 1015 2485 1066 ἀνεπίφ-

214 1084 337 1133 θονοι,
369 1082 630 1133 συλλαβέσθαι
659 1082 761 1132 πρὸς
791 1082 918 1133 ἀρχὴν
947 1086 1004 1132 τῷ
1033 1081 1138 1132 φίλῳ
1170 1112 1205 1119 ..
1229 1112 1235 1119 .
1266 1079 1363 1120 ibid.
1387 1093 1420 1120 e.
1439 1080 1577 1121 XVII:
1609 1083 1657 1125 ἃς
1686 1079 1722 1120 δ’
1753 1081 2014 1132 ὀνομάζουσιν
2058 1082 2236 1127 ἐξουσίας
2264 1082 2330 1121 καὶ
2359 1097 2486 1133 χειρο-

211 1155 385 1188 τονοῦσιν
415 1151 539 1199 ἀρχάς
570 1180 816 1187 .........
847 1147 944 1187 ibid.
977 1160 1011 1187 c.
1043 1148 1164 1186 XIX:
1211 1149 1255 1186 ἐκ
1299 1149 1439 1187 τούτου
1470 1149 1512 1187 δὲ
1556 1149 1622 1187 καὶ
1650 1149 1774 1199 βουλὴ
1815 1149 1882 1186 καὶ
1912 1149 2040 1199 δῆμος
2067 1149 2135 1187 καὶ
2164 1148 2391 1199 δικαστήρια
2420 1149 2487 1188 καὶ

214 1218 315 1268 ἀρχὴ
346 1220 450 1255 πᾶσα
481 1216 550 1267 τὴν
580 1216 760 1261 ἐξουσίαν
789 1215 986 1254 ἀπόλλυσι.
1046 1213 1142 1254 ibid.
1175 1226 1209 1254 e.
1241 1213 1363 1254 XXI:
1409 1216 1577 1260 αὔξοντα
1621 1215 1688 1254 καὶ
1731 1215 1989 1266 προστιθέντα
2018 1215 2087 1266 τὴν
2117 1212 2183 1253 ἀπ’
2215 1215 2336 1254 αὐτοῦ
2366 1215 2488 1261 δόξαν

212 1286 277 1324 καὶ
309 1285 471 1334 δύναμιν
501 1289 546 1335 τῇ
577 1285 681 1335 ἀρχῇ
711 1282 810 1323 ibid.
844 1296 877 1322 e.
910 1283 1033 1322 XXII
1065 1315 1102 1321 ..
1134 1283 1386 1333 ἀπαλλαγέντι
1430 1288 1497 1334 τῆς
1531 1284 1657 1334 ἀρχῆς
1686 1281 1783 1322 ibid.
1815 1295 1850 1322 e.
1882 1282 2048 1323 XXXI:
2086 1282 2263 1333 Ἕρμωνι
2390 1283 2486 1333 φεύ-

214 1366 313 1401 γοντι
343 1351 411 1401 τὴν
441 1351 568 1401 ἀρχὴν
601 1350 676 1388 ὑπὸ
705 1351 838 1393 πενίας
870 1379 1010 1388 .....
1042 1349 1229 1388 Poteram
1259 1349 1339 1387 alia
1369 1349 1555 1401 exempla
1584 1348 1776 1402 proferre,
1806 1349 1847 1388 ni
1877 1360 2047 1400 vererer,
2078 1360 2128 1388 ne
2158 1349 2198 1388 in
2227 1360 2269 1388 re
2291 1347 2397 1388 haud
2418 1348 2487 1389 du-

213 1418 277 1456 bia
308 1417 449 1467 longus
480 1429 621 1455 essem.
680 1417 785 1456 Nam
817 1416 974 1455 duabus
1004 1416 1148 1455 litteris
1185 1415 1335 1455 additis
1366 1415 1640 1456 scribendum:
1686 1417 1881 1467 φεύγοντα
1925 1416 2123 1459 πολιτικὰς
2165 1416 2380 1467 ταραχὰς
2422 1417 2488 1455 καὶ

212 1485 359 1528 στάσεις
388 1484 465 1523 κτλ.
511 1482 562 1523 ef.
594 1486 814 1535 praecepta
844 1481 1047 1534 gerendae
1077 1482 1133 1522 rei
1164 1482 1351 1535 publicae
1382 1496 1470 1535 cap.
1493 1482 1533 1522 II
1563 1481 1669 1523 οὗτοι
1699 1483 1766 1523 καὶ
1793 1483 1958 1534 μάλιστα
1988 1483 2238 1534 διαβάλλουσι
2266 1482 2310 1522 τὸ
2324 1487 2488 1534 πρᾶγμα

212 1550 311 1600 (scil.
343 1550 399 1589 rei
429 1550 615 1603 publicae
646 1548 1048 1599 administrationem)
1078 1555 1136 1601 τῷ
1163 1554 1365 1601 μετανοεῖν
1394 1550 1460 1589 καὶ
1490 1550 1704 1602 ἀσχάλλειν,
1748 1550 1841 1590 ὅταν
1870 1552 1894 1602 ἢ
1926 1549 2047 1596 δόξαν
2077 1549 2306 1595 ἐλπίσαντες,
2349 1549 2488 1601 ἀδοξίᾳ

212 1620 481 1668 περιπέσωσιν,
512 1620 535 1669 ἢ
567 1618 734 1668 φοβεροὶ
763 1617 1109 1668 προσδοκήσαντες
1139 1619 1282 1668 ἑτέροις
1312 1618 1470 1656 ἔσεσθαι
1501 1617 1563 1656 διὰ
1595 1618 1762 1668 δύναμιν
1792 1618 1845 1660 εἰς
1873 1618 2085 1668 πράγματα
2113 1617 2322 1661 κινδύνους
2351 1619 2488 1669 ἔχοντα

215 1686 279 1723 καὶ
309 1684 481 1734 ταραχὰς
511 1685 682 1734 ἄγωνται
712 1684 797 1723 vita
827 1683 985 1723 Camilli
1016 1696 1105 1735 cap.
1136 1684 1216 1723 IX:
1248 1685 1293 1723 τὰ
1323 1685 1535 1734 ταρακτικὰ
1565 1686 1677 1735 πάθη
1708 1689 1775 1735 τῆς
1803 1685 1994 1727 πολιτείας
2022 1686 2101 1729 ἔξω
2130 1685 2343 1734 τρέποντες.

344 1749 407 1790 Ad
437 1751 622 1801 ταραχάς,
654 1749 801 1802 quippe
833 1762 935 1801 quae
965 1763 1043 1790 non
1073 1750 1200 1791 solum
1230 1750 1270 1790 in
1315 1763 1356 1791 rc
1401 1750 1563 1803 publica
1607 1749 1925 1791 administranda
1969 1749 2040 1790 scd
2071 1750 2190 1790 etiam
2221 1750 2260 1791 in
2291 1751 2487 1791 communi

216 1818 297 1856 vita
327 1822 544 1867 versentur,
577 1822 685 1856 recte
713 1816 878 1857 additur
905 1819 1122 1867 πολιτικάςς
1168 1831 1259 1857 nam
1291 1817 1341 1857 de
1371 1818 1563 1870 principis
1606 1817 1793 1870 periculis
1823 1821 1862 1857 et
1890 1817 2081 1857 molestiis
2111 1816 2188 1857 hoc
2222 1817 2310 1857 loco
2341 1818 2485 1869 agitur.

342 1883 438 1925 ibid.
471 1898 506 1925 e.
538 1884 649 1924 XIV.
710 1884 863 1929 Πάντες
907 1883 1014 1924 οὗτοι
1043 1886 1109 1924 καὶ
1138 1886 1311 1929 πλείονες
1354 1886 1462 1925 ἄλλοι
1504 1889 1584 1925 τῶν
1612 1885 1814 1936 πατρίδων
1843 1885 2069 1928 ἐκπεσόντες
2113 1917 2239 1924 .....
2283 1891 2483 1937 πανταχοῦ

210 1953 276 1991 καὶ
305 1953 535 2004 τεθνηκότες
564 1953 893 2003 μνημονεύονται·
928 1956 1009 1992 τῶν
1039 1950 1073 1992 δ’
1106 1953 1357 2004 ἐκβαλόντων
1386 1953 1451 1991 καὶ
1481 1953 1770 1993 στασιασάντων
1814 1952 1907 1992 οὐδὲ
1953 1952 2006 1996 εἷς
2034 1953 2150 2003 λόγος
2194 1952 2356 1997 οὐδενὸς
2385 1953 2483 1993 ἀπο-

210 2020 402 2058 λέλειπται.

344 2088 558 2131 στασιάζειν
589 2086 753 2125 verbum
784 2091 854 2124 aut
883 2085 1178 2125 intransitivam
1210 2086 1289 2125 vim
1321 2086 1456 2136 habet,
1502 2099 1580 2137 quo
1624 2098 1741 2126 sensu
1785 2085 1933 2126 dicitur
1963 2087 2176 2133 στασιάζειν
2204 2088 2276 2126 τινί
2300 2109 2356 2114 -
2383 2088 2485 2138 πρός

211 2169 302 2197 τινα,
333 2158 400 2192 aut
431 2166 520 2192 cuni
552 2152 785 2192 accusativo
816 2152 1070 2192 coniunctum
1102 2158 1163 2192 est
1192 2153 1361 2193 alicuius
1391 2153 1566 2196 animum
1595 2153 1648 2192 ad
1678 2152 1945 2193 defectionem
1977 2156 2033 2202 (et
2062 2152 2224 2202 similia)
2255 2153 2483 2193 sollicitare.

212 2219 403 2260 Neutrum
434 2219 510 2260 hoc
540 2219 629 2260 loco
660 2223 811 2272 aptum.
871 2219 1055 2260 Ceterum
1087 2220 1187 2260 solet
1217 2219 1456 2261 Plutarchus
1485 2233 1709 2273 synonyma
1739 2220 1841 2260 inter
1870 2232 1912 2260 se
1943 2219 2197 2272 coniungere.
2270 2220 2412 2272 Itaque
2441 2225 2485 2261 ut

212 2286 440 2326 restituatur
471 2286 578 2338 quod
608 2287 851 2339 respondeat
882 2286 938 2326 illi
983 2292 1062 2327 τῶν
1093 2286 1127 2326 δ’
1160 2289 1420 2339 ἐκβαλόντων,
1464 2287 1679 2340 legendum
1724 2287 1879 2328 conicio
1915 2288 1983 2327 καὶ
2025 2284 2372 2327 καταστασιάντων.
2431 2288 2483 2329 cf.

210 2353 293 2392 vita
324 2353 462 2393 The-111.
495 2367 530 2393 c.
562 2354 616 2393 V:
663 2355 883 2405 αὐξόμενος
921 2355 963 2393 δὲ
992 2356 1059 2393 καὶ
1089 2360 1167 2398 τοῖς
1195 2356 1353 2398 πολλοῖς
1382 2349 1566 2405 ἀρέσκων
1608 2356 1716 2398 τέλος
1745 2356 2018 2394 κατεστασίασε
2047 2355 2113 2393 καὶ
2140 2356 2368 2406 μετέστησεν
2397 2356 2482 2400 ἐξο-

211 2423 487 2470 στρακισθέντα
518 2422 585 2460 τὸν
609 2422 855 2472 Ἀριστείδην.
914 2421 1012 2461 ibid.
1044 2434 1078 2461 e.
1110 2422 1190 2460 XI:
1237 2423 1522 2471 ἐξωστράκιστο
1568 2422 1642 2472 γὰρ
1685 2422 1765 2472 πρὸ
1808 2425 1877 2460 τοῦ
1921 2422 2097 2471 πολέμου
2140 2422 2484 2466 καταστασιασθεὶς

212 2487 287 2526 ὑπὸ
322 2487 639 2539 Θεμιστοκλέους.
699 2487 784 2528 vita
813 2487 991 2529 Pericles
1021 2501 1056 2528 e.
1087 2488 1167 2528 IX:
1206 2488 1266 2528 διὸ
1296 2489 1362 2528 καὶ
1390 2488 1540 2539 μᾶλλον
1569 2488 1730 2540 ἰσχύσας
1759 2489 1782 2528 ὅ
1811 2487 2010 2540 Περικλῆς
2039 2489 2080 2528 ἐν
2108 2493 2166 2540 τῷ
2209 2488 2328 2540 δήμῳ
2370 2504 2482 2530 κατε-

215 2556 393 2593 στασιάσε
422 2556 490 2606 τὴν
519 2556 679 2606 βουλήν,
710 2556 811 2594 ὥστε
842 2587 848 2593 .
872 2587 878 2593 .
902 2587 908 2593 .
932 2587 938 2594 .
970 2556 1234 2607 ἀφαιρεθῆναι
1264 2555 1333 2599 τὰς
1361 2555 1538 2599 πλείστας
1566 2556 1710 2606 κρίσεις
1740 2553 1788 2594 δι’
1814 2555 2033 2606 Ἐφιάλτου.

343 2622 453 2660 Κατα
484 2621 687 2662 intercidit
716 2626 808 2674 post
837 2638 913 2661 και.

344 2688 572 2728 Amatorius
602 2701 690 2740 cap.
713 2688 831 2729 XVI:
856 2689 999 2740 εὈμως
1029 2687 1064 2728 δ’
1095 2690 1176 2728 ἐπεὶ
1207 2690 1368 2739 δυνάμει
1398 2691 1464 2728 καὶ
1494 2690 1664 2740 ὠφελείᾳ
1692 2689 1857 2739 μάλιστα
1887 2690 1985 2728 θεοῦ
2016 2721 2311 2728 ...........
2341 2690 2483 2729 καθότι

210 2755 276 2793 καὶ
304 2758 383 2793 τῶν
412 2756 680 2806 ἀνθρωπίνων
710 2756 879 2806 ἀγαθῶν
909 2756 983 2795 δύο
1002 2759 1133 2801 ταῦτα,
1162 2755 1359 2806 βασιλείαν
1378 2755 1444 2794 καὶ
1464 2755 1616 2806 ἀρετὴν,
1646 2755 1827 2794 θειότατα
1857 2754 1923 2794 καὶ
1952 2756 2163 2806 νομίζομεν
2192 2755 2258 2794 καὶ
2287 2755 2481 2806 ὀνομάζο-

207 2836 291 2871 μεν,
322 2822 410 2871 ὥρα
441 2826 599 2861 σκοπεῖν
627 2823 832 2873 πρότερον,
862 2824 902 2862 εἴ
923 2838 990 2862 τινι
1019 2823 1130 2862 θεῶν
1159 2823 1182 2861 ὁ
1204 2822 1338 2873 Ἔρως
1368 2823 1518 2873 ὑφίεται
1547 2822 1765 2873 δυνάμεως.

343 2887 454 2935 Quae
485 2888 536 2927 ad
567 2889 764 2939 lacunam,
796 2901 899 2939 quae
929 2894 990 2928 est
1019 2893 1110 2941 post
1139 2890 1250 2933 θεου,
1295 2888 1535 2940 explendam
1572 2901 1597 2927 a
1627 2887 1723 2927 viris
1767 2887 1896 2928 doctis
1940 2892 2033 2940 apte
2063 2900 2134 2940 per
2163 2900 2206 2927 se
2250 2888 2482 2940 excogitata

210 2958 301 2994 sunt
314 2956 360 3003 ¹):
393 2967 441 2993 ca
471 2968 609 2994 vereor
638 2968 687 2995 ne
718 2969 795 2995 non
826 2955 925 2996 satis
955 2955 1168 2996 ostendant
1197 2955 1446 3007 corruptelae
1477 2954 1684 3006 originem.
1730 2955 1782 2994 Et
1811 2955 1956 2995 lacuna
1985 2953 2090 2995 unde
2121 2959 2207 2994 orta
2237 2953 2300 3006 sit,
2331 2954 2481 3007 optime

341 3110 374 3149 1)
399 3109 589 3143 Reiskius:
614 3112 706 3152 ὅμως
731 3111 778 3150 δέ,
805 3110 874 3143 ἐπεὶ
899 3111 1037 3152 δυνάμει
1065 3110 1121 3143 καὶ
1147 3110 1292 3152 ὠφελείᾳ
1317 3109 1418 3147 θεοὺς
1442 3111 1600 3152 κρίνομεν
1625 3109 1702 3149 (vel
1726 3110 1930 3152 νομίζομεν),
1963 3109 2094 3142 καθότι.
2142 3109 2480 3152 wyttenbachius:
