2788 3477
1344 102 1366 146 7

221 243 475 298 φοβούμενος
501 241 593 288 τοὺς
619 241 832 296 πατρῴους
859 241 927 283 καὶ
955 241 1178 295 γενεθλίους
1204 241 1300 292 κτλ.)
1336 239 1589 283 manifestum
1633 242 1693 280 est
1722 242 1763 280 et
1792 251 1843 280 ex
1872 238 1934 291 iis,
1979 252 2083 292 quae
2128 251 2217 294 cap.
2249 240 2303 283 VI
2335 242 2478 295 (initio)

221 314 439 365 sequuntur
467 311 520 362 (τί
544 309 634 361 οὗνς
678 310 728 350 οὖ
757 309 926 351 δοκεῒσοι
967 309 1035 350 καὶ
1062 308 1107 349 τὸ
1134 312 1215 349 τῶν
1243 309 1381 349 ἀθέων
1407 308 1510 360 πρὸς
1550 307 1641 352 τοὺς
1670 308 1955 359 δεισιδαίμονας
1996 308 2130 352 πάθος
2162 309 2261 360 ἔχειν
2303 312 2480 364 τοιαύτην

224 380 439 433 διαφοράνς
469 379 508 420 οἱ
533 378 609 430 μὲν
637 377 712 430 οὔχ
740 377 865 429 ὁρῶσι
891 376 983 421 τοὺς
1010 376 1131 422 θεοὺς
1158 376 1203 417 τὸ
1230 377 1429 428 παράπαν,
1459 377 1498 416 οἱ
1526 375 1569 415 δὲ
1598 375 1807 422 δοξάζουσι
1835 375 2011 427 φοβερὸν
2038 375 2100 415 τὸ·
2125 374 2281 427 εὐμενὲς
2322 379 2387 418 καὶ
2415 394 2477 419 τυ-

222 447 406 500 ραννικὸν
433 447 478 487 τὸ
496 444 686 497 πατρικὸν
704 445 772 485 καὶ
790 444 987 497 βλαβερὸν
1014 443 1059 484 τὸ
1086 443 1350 496 κηδεμονικὸν
1377 443 1444 484 καὶ
1471 443 1516 484 τὸ
1544 444 1708 495 ἄμικτον
1736 443 1872 494 ἄγριον
1900 443 1966 482 καὶ
1995 443 2204 495 θηριῶδες.
2264 443 2377 492 Quod
2412 446 2480 497 qui

222 513 374 554 tenebit
403 516 445 553 et
472 511 526 552 ad
553 514 699 564 poetae
728 510 864 560 verba,
901 521 1005 561 quae
1033 510 1215 563 proxime
1231 509 1490 567 *praecedunt
1517 508 1710 559 attendet,
1741 508 1860 548 facile
1890 508 2054 559 videbit,
2099 509 2355 550 Plutarchum
2383 513 2478 552 nihil

222 581 443 634 scripsisse,
472 578 548 621 nisi
568 577 666 618 hoe:
694 578 811 629 πόσῳ
840 577 890 617 δὲ
920 577 1198 629 δεινότερον
1226 577 1392 617 οἴεσθε
1420 577 1801 628 ἀνεκφεύκτους,
1846 576 2266 628 ἀναποδράστους,
2310 579 2478 619 ἀνυπο-

223 648 441 698 atdraus-3
471 642 759 686 Subaudienda
787 646 879 684 sunt
907 643 1142 688 δεσπότας
1169 643 1348 695 λαβεῖν,
1378 654 1481 695 quae
1510 642 1544 683 si
1573 641 1810 683 Plutarchus
1839 641 2076 694 addidisset,
2106 642 2191 683 iure
2220 644 2387 696 scriptor
2412 658 2478 698 pa-

222 726 309 755 rum
337 714 503 766 elegans
530 710 756 751 haberetur.
801 711 917 751 Nunc
946 710 1004 749 ita
1032 710 1219 761 loquitur,
1249 714 1292 749 ut
1320 710 1421 749 nihil
1449 710 1625 761 gravius,
1655 709 1754 749 nihil
1781 711 1986 750 nervosius
2006 709 2087 750 dici
2106 712 2291 762 potuerit.
2336 712 2479 764 Magna

221 785 293 834 est,
323 780 462 833 inquit,
493 777 714 827 calamitas,
749 776 782 817 01
810 780 971 830 poetam
1001 775 1139 818 audire
1169 776 1361 829 volumus,
1405 776 1584 817 homines
1613 776 1760 817 amissa
1787 776 1971 818 libertate
2007 777 2047 817 in
2075 777 2384 830 importunorum
2412 779 2479 819 do-

218 849 414 896 minorum
442 845 673 888 servitutem
718 842 914 894 incidere3
959 847 1003 885 at
1045 847 1194 895 quanto
1236 844 1363 885 maior
1391 867 1445 872 ——
1474 843 1517 884 id
1552 842 1659 895 quod
1702 843 1929 884 hominibus
1971 843 2261 896 superstitiosis⁴
2298 846 2478 887 accidere

221 918 388 969 apparet
417 926 469 954 ex
498 912 559 963 iis,
590 923 689 968 quos
717 923 838 964 supra
865 909 1074 964 adscripsi,
1104 910 1203 951 10010
1218 911 1328 951 —in
1357 911 1587 969 servitutem
1616 909 1793 951 incidere
1823 909 2000 961 deorum,
2031 923 2130 962 quos
2159 923 2287 963 neque
2317 913 2476 964 evitare,

220 995 349 1036 neque
378 980 556 1033 effugere
584 987 727 1030 neque*
742 977 791 1019 iis
819 977 1005 1019 resistere
1034 978 1175 1031 possis.
1248 978 1414 1020 Scribae
1444 990 1534 1019 cum
1562 976 1616 1018 ad
1645 977 1768 1019 verba
1810 981 1955 1030 poetae
1984 991 2062 1018 non
2091 977 2365 1030 attendissent,
2396 993 2478 1021 sen-

221 1050 386 1091 tentiam
414 1058 598 1088 mancam
627 1057 714 1086 esse
744 1045 832 1095 rati,
863 1045 1009 1098 inepte,
1040 1048 1083 1084 111
1112 1045 1252 1096 0010111,
1282 1045 1577 1098 suppleverunt.
1627 1044 1743 1093 Quod
1773 1044 1804 1084 si
1836 1045 1894 1084 ita
1923 1049 1995 1095 est,
2033 1045 2152 1084 facile
2182 1057 2318 1086 carere
2346 1059 2477 1098 possu-

220 1129 307 1158 mus
335 1117 397 1167 iis‚
427 1125 530 1166 qnae
560 1112 613 1152 ad
641 1112 773 1152 10011111
802 1110 1082 1164 corrigendum
1111 1112 1186 1151 viri
1214 1111 1324 1152 docti
1354 1112 1564 1152 commenti
1594 1115 1696 1162 sunt,
1728 1124 1830 1162 quae
1860 1124 1988 1163 neque
2018 1112 2268 1164 corruptelae
2288 1114 2476 1165 originem

221 1182 446 1233 ostendunt,
475 1191 605 1231 neque
634 1178 687 1219 ad
716 1178 922 1219 Plutarchi
951 1178 1177 1230 elegantem
1206 1179 1442 1219 brevitatem
1471 1179 1662 1231 aspirant.

354 1248 480 1289 Venio
517 1245 571 1287 ad
600 1245 786 1298 exempla
814 1245 999 1285 vitiorum
1042 1244 1152 1285 inde'
1167 1249 1352 1296 ortorum,
1397 1244 1504 1296 quod
1533 1245 1696 1296 librarii,
1741 1257 1843 1296 qnae
1887 1245 2014 1297 primo
2058 1245 2211 1286 incuria
2254 1247 2475 1294 omiserant,

219 1321 360 1370 postea
389 1314 550 1367 cognito
580 1324 712 1353 errore
741 1311 794 1352 ad
823 1312 1043 1363 marginem
1078 1311 1385 1365 adscripserunt,
1429 1316 1629 1365 postremo
1672 1312 1761 1352 loco
1790 1324 1869 1352 non
1898 1316 1992 1364 apto
2023 1312 2193 1352 orationi
2222 1313 2475 1361 inseruerunt,

220 1396 298 1436 quo
328 1383 369 1423 iu
397 1392 545 1434 genere
575 1392 695 1431 quam
723 1390 846 1432 saepe
874 1382 1086 1431 peccatum
1116 1378 1179 1430 sit,
1209 1378 1406 1419 neminem
1436 1378 1622 1431 ignorare
1651 1378 1833 1419 arbitror.
1884 1378 1941 1418 ’111
1978 1378 2174 1419 3001111000
2218 1380 2394 1432 suspicor
2436 1381 2475 1420 in

219 1451 304 1492 vita
332 1448 524 1502 Agesilai,
554 1441 629 1488 ubiv
651 1446 753 1487 haee
782 1447 967 1499 leguntur
996 1459 1085 1500 cap.
1116 1446 1192 1486 IV:
1224 1446 1285 1486 διὸ
1327 1447 1394 1486 καὶ
1435 1448 1626 1498 πατρικήν
1668 1461 1749 1485 τινα
1792 1446 1894 1497 πρὸς
1937 1446 2079 1490 αὐτοὺς
2107 1446 2186 1486 ἀπὸ
2215 1451 2284 1486 τοῦ
2312 1448 2475 1487 παλαιοῦ

220 1519 410 1558 διετέλουν
438 1516 560 1559 εὐθὺς
588 1516 627 1554 οἶ
653 1515 821 1566 βασιλεῖς
849 1514 1086 1565 φιλονεικίαν
1128 1514 1194 1553 καὶ
1237 1513 1434 1565 διαφορὰν
1475 1514 1858 1564 παραλαμβάνοντες.
1917 1514 1939 1552 ὁ
1970 1511 2005 1552 δ’
2045 1514 2271 1565 Ἀγησίλαος
2314 1515 2374 1553 ἐπὶ
2409 1516 2475 1566 τὴν

219 1585 392 1626 ἐναντίαν
407 1582 516 1639 ιὁδὸν
544 1582 643 1634 ἦλθε
671 1581 738 1621 καὶ
765 1581 809 1621 τὸ
837 1581 1019 1633 πολεμεῖν
1047 1581 1113 1621 καὶ
1141 1580 1185 1621 τὸ
1213 1581 1475 1632 προσκρούειν
1504 1580 1634 1624 αὐτοῖς
1663 1580 1781 1624 ἐάσας
1811 1580 2035 1631 ἐθεράπευε.
2094 1580 2234 1625 Εὐθὺς
2276 1585 2365 1634 11001
2399 1582 2475 1621 ἀπὸ

217 1657 286 1694 τοῦ
315 1652 483 1692 παλαιοῦ
514 1649 704 1690 διετέλουν
732 1648 863 1689 10011111
892 1660 971 1688 11011
1001 1647 1149 1689 11311010
1178 1647 1301 1689 sensit
1320 1646 1549 1700 Madvigius
1560 1649 1609 1699 1);
1640 1647 1775 1699 itaque
1805 1646 2019 1700 legendum
2050 1648 2220 1688 coniecit
2249 1647 2365 1693 αὖθις
2381 1651 2476 1698 (rnr-

218 1722 314 1770 sus).
372 1718 455 1759 Sed
484 1716 736 1757 verisimilius
765 1720 837 1767 est,
868 1716 988 1760 εὐθὺς
1018 1728 1068 1755 ex
1097 1716 1321 1766 insequenti
1350 1727 1467 1755 versu
1496 1715 1574 1755 huc
1603 1715 1706 1754 male
1743 1715 1908 1754 inlatum
1952 1727 2052 1766 esse,
2096 1716 2164 1756 ubi
2195 1728 2312 1766 quam
2342 1721 2474 1768 aptum

205 1788 270 1828 sit
299 1789 479 1840 apparet.
538 1785 561 1825 ὁ
591 1781 626 1824 δ’
653 1783 879 1836 Ἀγησίλαος
906 1782 1029 1827 εὐθὺς
1071 1782 1133 1822 ἐπὶ
1174 1783 1244 1835 τὴν
1287 1783 1460 1822 ἐναντίαν
1488 1782 1585 1822 ὁδὸν
1614 1781 1722 1834 ἦλθε.
1758 1782 1783 1822 1.
1815 1794 1850 1822 0.
1895 1781 2106 1834 Agesilaus
2135 1783 2268 1822 statim
2298 1783 2380 1823 scil.
2410 1783 2475 1823 ubi

219 1855 388 1908 primum
419 1852 472 1894 ad
502 1865 584 1893 rem
613 1851 814 1904 publicam
844 1850 1026 1902 accessit,
1058 1850 1297 1891 contrariam
1326 1849 1433 1891 viam
1462 1849 1664 1903 ingressus
1693 1854 1765 1890 est.

350 1921 530 1960 Alterum
559 1918 784 1971 exemplum
813 1918 981 1970 praebet
1009 1918 1120 1958 locus
1148 1918 1189 1957 in
1217 1918 1351 1958 libello
1381 1921 1546 1957 amator.
1592 1930 1680 1970 cap.
1697 1917 1835 1957 XVII:
1867 1917 1936 1957 Διὸ
1966 1921 2083 1957 ταῦτα
2112 1918 2186 1969 μὲν
2215 1919 2352 1970 ἐῶμεν,
2380 1919 2474 1969 μετὰ

219 1989 261 2029 δὲ
289 1989 358 2041 τὴν
387 1987 496 2040 ἰσχὺν
524 1991 593 2027 τοῦ
615 1987 793 2038 Ἔρωτος
822 1985 945 2026 οὖσαν
972 1986 1162 2037 τοσαύτην
1190 1985 1266 2037 ἤδη
1296 1985 1366 2036 τὴν
1393 1985 1494 2035 πρὸς
1522 1985 1766 2036 ἀνθρώπους
1794 1985 1994 2036 εὐμένειαν
2023 1985 2089 2024 καὶ
2117 1985 2231 2037 χάριν
2264 1986 2473 2030 ἐπισκοπῶ,

218 2057 292 2096 οὐκ
321 2057 357 2095 εἰ
381 2055 505 2094 πολλὰ
534 2059 613 2098 τοῖς
641 2055 861 2105 χρωμένοις
889 2053 1023 2104 ἀγαθὰ
1051 2057 1249 2103 περιποιεῖ,
1280 2084 1287 2091 .
1309 2083 1316 2090 .
1339 2084 1346 2091 .
1368 2083 1376 2090 .
1406 2049 1487 2091 ἀλλ’
1518 2053 1554 2091 εἰ
1577 2052 1734 2092 πλείονα
1764 2053 1830 2091 καὶ
1858 2053 2017 2103 μείζονα
2047 2052 2137 2096 τοὺς
2157 2053 2328 2102 ἐρῶντας
2357 2054 2473 2091 αὐτοῦ

217 2124 377 2174 ὀνίνησι·
408 2122 489 2161 ἐπεὶ
518 2122 658 2171 καίπερ
687 2122 747 2159 ὢν
775 2120 963 2170 ἐρωτικὸς
992 2117 1029 2158 ‹5’
1044 2119 1262 2170 Εὐριπίδης
1289 2119 1333 2158 τὸ
1363 2119 1621 2169 σμικρότατον
1649 2119 1932 2170 ἀπεθαύμασεν
1961 2120 2101 2159 εἶπὼνς

414 2179 418 2184 ’
1349 2185 1536 2238 ,ποιητὴν
1564 2186 1642 2238 ἄρα

940 2253 1073 2305 Ἔρως
1102 2253 1285 2299 διδάσκει,
1314 2254 1390 2292 κᾶν
1418 2253 1596 2304 ἄμουσος
1623 2253 1650 2305 ᾖ
1679 2253 1722 2293 τὸ
1752 2255 1866 2305 πρίν“

216 2324 374 2364 συνετόν
401 2338 440 2363 τε
470 2323 545 2374 γὰρ
573 2326 678 2362 ποιεῖ
702 2322 779 2361 κτλ.

350 2392 471 2431 αὐτοῦ
500 2394 591 2443 post
619 2389 710 2434 τοὺς
739 2391 912 2441 ἐρῶντας
954 2389 1095 2429 1111111111
1139 2391 1329 2440 quantum
1358 2387 1546 2440 languere
1576 2393 1782 2430 senserunt
1812 2388 2146 2442 Wyttenbachius
2176 2394 2215 2430 et
2245 2388 2475 2430 Meziriacus

216 2470 290 2500 nec
320 2457 483 2499 dubium
513 2461 586 2509 est,
617 2457 712 2509 quin
742 2455 980 2497 Plutarchus
1008 2455 1128 2509 paulo
1157 2467 1278 2509 supra
1306 2459 1397 2509 post
1424 2460 1503 2500 τοῖς
1530 2458 1753 2509 χρωμένοις
1781 2457 1909 2510 αὐτῷ
1952 2457 2084 2511 potius
2121 2456 2328 2498 additurus
2358 2456 2473 2497 fuerit

216 2527 290 2567 nisi
319 2538 391 2578 per
419 2538 462 2565 00
491 2529 715 2577 appareret,
746 2524 925 2575 intellegi
945 2524 1113 2575 Ἔρωτα.
1157 2523 1350 2574 Α1111110,
1381 2535 1483 2574 quae
1512 2529 1740 2576 sequuntur,
1771 2524 2025 2565 vehementer
2045 2525 2213 2565 offendit
2241 2526 2285 2564 τὸ
2313 2526 2471 2576 σμικρό-

215 2608 329 2632 τατον
357 2592 652 2643 ἀπεθαύμασεν,
681 2589 741 2631 sic
769 2589 876 2630 nude
905 2589 1095 2642 positnm3
1130 2602 1222 2629 nam
1238 2588 1471 2641 Euripidem
1499 2587 1579 2630 11011Ι
1608 2603 1691 2631 10111
1710 2592 1844 2632 nescio
1866 2604 1984 2643 qnam
2005 2591 2208 2632 minimam
2238 2590 2471 2631 admiratum

216 2671 316 2711 0000,
346 2657 561 2699 dicendum
590 2661 689 2709 erat,
720 2656 792 2698 sed
813 2656 991 2709 Ἔρωτος
1033 2655 1209 2709 aliquam
1238 2655 1332 2709 vim,
1375 2669 1455 2697 non
1491 2656 1549 2697 ita
1577 2669 1765 2711 mag-nam
1795 2670 1884 2699 cum
1915 2659 2057 2699 ceteris
2087 2671 2190 2710 quae
2220 2659 2255 2698 01
2285 2657 2473 2698 debemus

215 2727 330 2768 bonis
359 2730 645 2778 comparatam.
703 2724 820 2772 Quod
849 2725 889 2764 ni
919 2725 977 2764 ita
1013 2728 1119 2764 esset
1161 2724 1203 2763 in
1231 2724 1534 2776 Wyttenbachii
1564 2730 1604 2766 01
1632 2726 1834 2767 Meziriaci
1870 2727 2099 2767 coniectura
2128 2727 2270 2770 αὐτοὺς
2298 2726 2473 2776 acquies-

217 2806 360 2845 cerem,
391 2804 631 2844 quamquam
661 2792 781 2832 etiam
812 2803 861 2832 ea
890 2790 1009 2832 facile
1039 2803 1231 2832 caremus.
1289 2791 1407 2833 Nunc
1435 2792 1556 2832 αὐτοῦ
1585 2791 1627 2832 111
1657 2805 1729 2833 sua
1757 2792 1854 2833 sede
1883 2794 2057 2846 reposito
2078 2792 2288 2845 legendnm
2310 2804 2471 2832 censeo:

214 2862 258 2902 τὸ
288 2861 545 2913 σμικρότατον
574 2861 695 2899 αὐτοῦ
725 2858 827 2909 (0011.
849 2858 1042 2910 Ἔρωτος)
1071 2859 1363 2910 ἀπεθαύμασεν.
1422 2859 1473 2900 cf.
1509 2864 1660 2913 septem
1704 2861 1941 2914 sapientium
1972 2862 2127 2902 conviv.
2173 2874 2260 2913 cap.
2291 2860 2348 2899 II:
2393 2860 2474 2899 ἐπεὶ

215 2933 288 2970 σοῦ
318 2944 360 2980 γε
388 2927 456 2968 καὶ
484 2927 530 2967 τὰ
559 2927 656 2967 ἄλλα
684 2927 882 2979 θαυμάζει
924 2926 991 2966 καὶ
1032 2930 1101 2979 τῆς
1141 2926 1364 2978 πυραμίδος
1406 2927 1476 2979 τὴν
1517 2929 1700 2981 μέτρησιν
1728 2929 1946 2981 ὑπερφυῶς
1975 2930 2184 2982 ἠγάπησεν.
2242 2928 2291 2968 de
2321 2927 2472 2968 mulier.

215 2995 351 3037 virtut.
383 3006 472 3047 cap.
502 2993 581 3034 VH
609 2994 719 3040 ἄξιον
748 2992 820 3033 οὖν
848 2993 1021 3045 ἄγασθαι
1049 2996 1129 3033 τῶν
1158 2996 1355 3045 γυναικῶν
1383 2995 1450 3034 καὶ
1478 2995 1547 3047 τὴν
1576 2995 1729 3047 σιωπὴν
1757 2996 1823 3035 καὶ
1851 2996 1895 3036 τὸ
1924 2997 2087 3048 θράσος.

348 3085 383 3127 1)
407 3085 445 3118 111
469 3083 492 3118 1.
516 3084 538 3117 l.
562 3092 651 3129 pag.
673 3082 749 3117 597.
