2788 3477
1402 165 1430 210 2

268 302 459 348 ἀτάκτως,
490 303 527 343 οἱ
556 303 598 342 δὲ
627 306 726 353 τρεῖς
753 306 883 354 μῆνας
913 303 1234 355 ἐμμεμενηκότας
1269 304 1387 346 ὅλους
1416 303 1482 342 καὶ
1512 303 1559 342 τὰ
1588 303 1745 343 πλεῖστα
1775 307 1843 354 τῆς
1871 303 2008 354 χώρας
2031 301 2416 354 διαπεπορθηκότας·
2452 299 2550 342 Θεό-

270 386 433 421 πομπος
464 371 507 409 δέ
537 385 654 421 φησιν
698 370 775 421 ἤδη
813 373 893 408 τῶν
923 364 1196 421 Βοιωταρχῶν
1226 370 1462 420 ἐγνωκότων
1507 371 1694 420 ἀπαίρειν,
1740 369 1955 421 ἀφικέσθαι
1990 369 2092 420 πρὸς
2121 369 2265 412 αὐτοὺς
2298 369 2444 420 Φρίξον
2472 368 2550 408 κτλ.

268 437 419 476 Vitium
451 437 610 477 subesse
641 435 791 486 docuit,
827 436 935 476 nulla
965 440 1008 476 ut
1038 449 1124 477 esse
1157 437 1282 489 possit
1313 435 1524 487 dubitatio,
1557 435 1787 488 Madvigius
1798 437 1828 486 ¹)
1858 435 1920 476 his
1940 435 2092 476 verbis:
2128 434 2263 487 „Nihil
2278 435 2377 475 vitio
2397 438 2550 476 senten-

267 504 349 543 tiae
379 508 419 543 et
449 502 639 543 orationis
673 502 940 552 manifestius3
986 516 1078 543 nam
1108 516 1237 554 neque
1267 508 1346 547 τοῖς
1375 504 1505 546 ἄλλοις
1534 502 1776 555 respondere
1813 506 1946 554 potest
1976 501 2169 542 infinitum
2201 503 2239 541 οῖ
2268 503 2322 547 δὲ,
2366 501 2438 542 sed
2468 514 2549 542 cer-

267 575 350 621 tum
381 575 421 610 ct
450 569 654 609 definitum
688 568 853 620 aliquid,
885 582 908 608 a
940 582 1017 620 quo
1047 570 1103 609 illi
1135 573 1381 622 separentur,
1412 581 1541 620 neque
1572 569 1651 609 ullo
1681 568 1800 608 modo
1830 572 2021 620 tanquam
2051 569 2091 608 in
2122 567 2319 608 divisione
2350 568 2549 609 contraria

268 637 364 689 poni
397 640 561 689 possunt
590 638 801 687 χειμώνων
832 668 959 675 .....
990 638 1169 680 ἀτάκτως
1200 640 1239 676 et
1268 641 1369 688 τρεῖς
1396 641 1526 688 μῆνας
1557 668 1743 675 .......
1776 636 2148 687 διαπεπορθηκότας
2177 647 2343 686 quorum
2368 635 2438 675 illa
2458 647 2548 676 cau-

267 717 353 744 sam
384 703 649 753 discessionis,
682 702 783 743 haec
814 707 970 755 tempus
1001 704 1327 753 commorationis¹
1353 706 1393 743 et
1423 703 1610 744 effectum
1640 702 1879 755 significant,
1924 701 1996 743 sed
2027 701 2243 743 cohaerent
2272 707 2312 742 et
2340 714 2459 742 unam
2489 702 2545 743 fa-

267 771 377 812 ciunt
407 783 611 811 summam.
657 770 798 821 Itaque
829 770 891 811 his
921 771 1103 811 omnibus
1134 770 1684 823 (ιοῃῖίῃιιεῐίεεάναχωρῆσαι
1715 771 1757 811 δὲ
1785 770 1876 815 τοὺς
1910 769 2113 822 Θηβαίους
2142 771 2180 810 οἱ
2206 770 2279 822 μὲν
2299 770 2406 810 ἄλλοι
2435 802 2543 810 .....

267 840 440 889 διαρρεῖν
469 839 656 881 ἀτάκτως,
686 842 786 887 τρεῖς
814 842 944 889 μῆνας
974 838 1091 881 ὅλους
1122 869 1128 875 .
1151 869 1158 875 .
1181 869 1187 875 .
1220 838 1602 889 διαπεπορθηκότας,
1634 838 1874 877 contrarium
1904 836 2089 876 infertur:
2126 836 2366 888 Θεόπομπος
2396 838 2440 876 δέ
2465 853 2542 889 φη-

266 921 325 943 σιν
354 904 456 943 κτλ.“
504 905 643 953 Itaque
674 905 712 942 οἱ
742 905 784 942 δὲ
814 903 1028 942 delendum
1060 908 1186 955 putat,
1218 908 1261 942 ut
1291 904 1455 943 inlatum
1486 918 1510 943 a
1540 905 1684 954 scriba,
1717 917 1805 944 cum
1835 917 1914 943 non
1943 902 2182 942 attendisset
2211 904 2314 942 inter
2343 916 2385 943 se
2405 904 2543 943 referri

267 969 462 1011 infinitum
507 977 546 1009 et
574 969 726 1009 finitum
772 970 826 1019 (οἱ
867 970 941 1021 μὲν
971 970 1079 1009 ἄλλοι
1109 1001 1265 1009 ......
1302 970 1542 1021 Θεόπομπος
1573 971 1644 1019 δέ).
1704 969 1787 1011 Sed
1817 969 1999 1021 quamvis
2028 967 2162 1009 stolidi
2198 968 2344 1010 fuerint
2373 969 2542 1021 scribae,

266 1041 309 1076 ut
339 1037 508 1086 fuerunt,
541 1035 764 1075 cavendum
795 1040 942 1085 tamen,
974 1048 1023 1075 ne
1054 1048 1124 1075 eos
1154 1049 1283 1075 meros
1313 1036 1470 1089 lapides
1499 1037 1708 1089 fingamus,
1757 1038 1823 1088 qui
1854 1049 1903 1077 ne
1933 1049 1982 1076 ea
2018 1035 2179 1087 quidem
2208 1035 2395 1087 viderint,
2441 1048 2543 1087 quae

265 1116 384 1143 manu
415 1108 548 1142 tenere
579 1107 752 1154 possent.
813 1104 938 1142 Immo
968 1104 1008 1142 in
1039 1119 1075 1143 οι
1106 1105 1148 1143 δε
1179 1104 1368 1154 reliquias
1399 1104 1592 1144 habemus
1622 1104 1707 1144 eius
1737 1104 1843 1155 quod
1874 1103 2112 1144 Plutarchus
2142 1104 2319 1156 scripsit:
2365 1105 2542 1143 οἴκαδε.

266 1182 344 1222 quo
375 1170 442 1221 qui
473 1169 591 1210 facile
621 1182 693 1209 nos
723 1173 815 1222 post
843 1171 995 1209 ἀπιέναι
1025 1171 1091 1210 καὶ
1122 1172 1294 1222 διαρρεῖν
1324 1183 1461 1211 carere
1490 1183 1606 1224 posse
1644 1174 1799 1224 putant,
1845 1171 1872 1210 ii
1902 1184 1981 1210 non
2011 1171 2108 1211 satis
2152 1170 2356 1222 cognitum
2393 1169 2543 1210 habent

264 1237 469 1276 Plutarchi
501 1250 611 1275 usum
643 1236 831 1286 loquendi
863 1237 914 1275 cf.
947 1237 1177 1284 Quaestion.
1209 1250 1383 1288 graecae
1414 1251 1502 1290 cap.
1534 1238 1607 1277 XI.
1653 1239 1841 1289 ἐμβάντες
1860 1240 1913 1281 εἰς
1932 1238 2000 1281 τὰς
2029 1242 2125 1280 ναῦς
2154 1239 2192 1276 οἱ
2214 1237 2418 1288 Ἐρετριεῖς
2447 1238 2541 1276 ἀπέ-

263 1305 434 1343 πλευσαν
464 1304 608 1343 οἴκαδε.
668 1302 765 1342 ibid.
798 1316 887 1355 cap.
919 1303 1059 1343 XVII:
1110 1305 1133 1343 ὁ
1162 1305 1299 1355 λαβὼν
1328 1306 1579 1356 αἰχμάλωτον
1609 1305 1757 1356 ἀπῆγεν
1801 1305 1937 1344 οἴκαδε
1979 1305 2046 1343 καὶ
2088 1303 2282 1355 μεταδοὺς
2324 1304 2433 1343 ἀλῶν
2475 1304 2542 1343 καὶ

264 1372 458 1422 τραπέζης
488 1371 715 1421 ἀπέπεμπεν
745 1371 881 1409 οἴκαδε
926 1370 1003 1419 (bis
1033 1370 1074 1410 in
1104 1383 1183 1411 una
1212 1372 1439 1421 sententia).
1499 1372 1718 1411 amatoriae
1748 1371 1998 1411 narrationes
2029 1383 2117 1423 cap.
2149 1370 2228 1410 III:
2274 1370 2340 1410 καὶ
2368 1375 2426 1422 τῷ
2454 1371 2543 1422 θεῷ·

264 1438 502 1488 χρησάμενοι
531 1437 617 1486 περὶ
648 1435 707 1475 ὧν
737 1437 904 1481 ἐδέοντο,
934 1438 1049 1475 πάλιν
1079 1438 1279 1489 ἕπανῇσαν
1309 1439 1454 1476 οἴκαδε.
2528 1470 2532 1474 .

398 1503 490 1543 Vita
520 1503 675 1543 Luculli
707 1516 796 1556 cap.
828 1504 860 1554 I,
891 1504 935 1543 4:
982 1503 1203 1555 Γενόμενος
1248 1505 1291 1544 δὲ
1333 1506 1597 1556 πρεσβύτερος
1627 1504 1702 1556 ἤδη
1733 1505 1976 1543 παντάπασιν
2005 1504 2141 1555 ὥσπερ
2171 1504 2216 1543 ἐκ
2244 1504 2404 1543 πολλῶν
2432 1504 2539 1554 ἀγώ-

264 1586 345 1610 νων
375 1571 505 1621 ἀφῆκε
534 1570 602 1621 τὴν
633 1570 807 1609 διάνοιαν
837 1571 878 1610 ἔν
908 1571 1123 1622 φιλοσοφίᾳ
1153 1572 1355 1623 σχολάζειν
1384 1572 1450 1611 καὶ
1480 1572 1753 1611 ἀναπαύεσθαι
1783 1571 1826 1610 τό
1857 1570 2105 1622 θεωρητικὸν
2134 1571 2254 1622 αὐτῆς
2283 1571 2433 1621 ἐγείρας
2461 1571 2539 1610 κτλ.

262 1636 482 1677 Audiamus
512 1635 760 1688 Madvigium
791 1637 848 1676 sic
880 1636 930 1676 de
961 1636 1038 1677 hoc
1069 1637 1157 1678 loco
1188 1637 1459 1691 disputantem
1470 1640 1520 1687 ²):
1585 1637 1814 1691 „Particula
1843 1638 1979 1689 ὥσπερ
2010 1637 2349 1690 comparationem
2393 1636 2540 1689 signifi-

263 1709 340 1755 cat,
372 1716 473 1755 quac
504 1704 611 1744 nulla
641 1704 837 1755 sequitur:
871 1704 1060 1755 ignavum
1089 1706 1259 1750 πολλῶν,
1290 1706 1330 1745 in
1361 1718 1439 1756 quo
1469 1706 1594 1745 latere
1624 1704 1795 1745 arbitror
1823 1705 2043 1744 πολιτικῶν.
2104 1704 2149 1743 In
2179 1705 2223 1743 ἐκ
2268 1708 2337 1743 aut
2380 1703 2538 1757 partici-

262 1772 370 1823 pium
400 1777 467 1810 aut
497 1770 741 1810 adiectivum
771 1771 907 1811 subest
928 1773 1104 1820 (ἐκνέων,
1135 1772 1365 1821 ἔκπλεως).“

396 1837 476 1877 Sed
506 1839 550 1876 ἐκ
580 1842 688 1877 recte
718 1850 760 1877 se
792 1838 913 1878 habet
944 1843 983 1878 et
1014 1838 1249 1878 vertendum
1284 1839 1460 1891 „insolgc
1490 1853 1580 1889 von,
1611 1838 1740 1879 nach“
1788 1843 1831 1878 ut
1861 1839 2054 1879 sescentis
2096 1837 2196 1878 locis
2216 1840 2353 1888 'neque
2381 1838 2539 1877 πολλῶν

260 1905 404 1945 iustam
434 1905 599 1957 praebet
630 1905 905 1946 offensionem.
964 1906 1069 1947 Nam
1100 1906 1302 1959 principes
1332 1911 1372 1947 et
1402 1906 1526 1947 duces
1557 1908 1651 1958 (quo
1682 1907 1722 1946 in
1751 1918 1915 1946 numero
1945 1905 2156 1946 Lucullum
2200 1904 2322 1945 fuisse
2366 1907 2537 1955 constat)

260 1971 536 2024 philosophiae
567 1984 731 2023 operam
762 1971 859 2012 dare
890 1973 1097 2025 incipiunt,
1144 1973 1253 2025 capti
1297 1973 1434 2013 taedio
1464 1973 1676 2013 multorum
1708 1973 1981 2023 certaminum,
2013 1984 2116 2023 quae
2145 1966 2320 2024 publica,
2350 1972 2537 2016 πολιτικά,

260 2050 361 2077 csse·
378 2050 465 2077 cum
496 2051 566 2089 pcr
595 2051 638 2077 se
669 2043 876 2090 appareat,
909 2038 1004 2089 quid
1035 2040 1178 2078 attinet
1209 2039 1374 2079 dicere?
1419 2039 1560 2079 Restat
1590 2039 1787 2079 dubitatio
1819 2038 1869 2078 de
1898 2039 2126 2078 sinceritate
2147 2038 2368 2090 particulae
2388 2039 2537 2088 ὥσπερ,

260 2104 299 2144 in
331 2116 408 2155 qua
439 2109 476 2144 et
508 2104 736 2156 Madvigius
767 2109 875 2146 recte
921 2105 1051 2146 haesit
1088 2110 1128 2146 et
1158 2106 1356 2146 neminem
1397 2119 1474 2146 non
1505 2105 1717 2146 haesurum
1747 2104 1931 2146 arbitror.
2005 2104 2118 2153 Quae
2162 2108 2270 2145 recte
2300 2117 2344 2145 se
2374 2102 2537 2144 habebit

260 2170 400 2209 addito
430 2172 534 2214 εἰκὸς
564 2171 670 2221 quod
702 2176 741 2210 et
771 2173 969 2211 sententia
999 2173 1202 2224 postulare
1234 2172 1392 2211 videtur
1422 2177 1461 2211 et
1491 2177 1584 2211 antc
1614 2174 1658 2211 ἐκ
1690 2173 1808 2212 facile
1838 2173 1968 2224 potuit
1998 2171 2198 2211 excidere.
2244 2171 2296 2210 cf.
2318 2171 2559 2210 consolatio-

259 2236 311 2278 ad
333 2237 463 2289 Apoll.
488 2251 576 2290 cap.
594 2238 794 2279 XXXIV:
826 2239 882 2279 Εἰ
902 2237 937 2279 δ’
955 2240 1074 2279 ὁτῶν
1102 2240 1283 2279 παλαιῶν
1311 2243 1486 2291 ποιητῶν
1505 2256 1544 2279 τε
1573 2240 1640 2279 καὶ
1669 2240 1904 2291 φιλοσόφων
1933 2239 2049 2290 λόγος
2078 2238 2178 2278 ἐστὶν
2206 2238 2371 2289 ἀληθής,
2401 2238 2538 2289 ὥσπερ

259 2305 375 2350 εἰκός,
406 2306 504 2357 ἔχειν
534 2307 650 2345 οὕτω.
710 2304 761 2346 de
790 2318 881 2346 sera
910 2306 1083 2347 numinis
1113 2305 1293 2347 vindicta
1324 2319 1413 2359 cap.
1445 2306 1563 2346 VIII:
1609 2306 1819 2357 Λεγόντων
1849 2306 1903 2351 δὲ,
1941 2305 2025 2345 οἷον
2053 2304 2169 2351 εἰκὸς,
2198 2307 2279 2344 τῶν
2306 2304 2535 2356 παρόντωνε

252 2372 477 2421 Ἄνθρωπε,
507 2374 542 2409 τί
568 2373 716 2411 παθὼν
745 2374 862 2423 ἔργον
892 2375 1021 2417 οὕτως
1050 2374 1264 2412 ἀλλόκοτον
1293 2375 1487 2424 ἔπραξας-ς
1518 2374 1596 2412 κτλ.

394 2438 486 2477 Vita
503 2439 615 2477 Arati
646 2452 736 2491 cap.
753 2439 812 2479 X:
838 2439 914 2478 Ἠν
945 2439 1156 2490 δ’Ἄρατος
1187 2471 1463 2479 ..........
1493 2442 1658 2491 πολέμῳ
1687 2441 1754 2479 καὶ
1784 2441 1906 2490 ἀγῶνι
1936 2439 2161 2491 χρήσασθαι
2190 2442 2376 2489 φανερῶς
2405 2439 2534 2488 ἀθαρ-

258 2504 330 2556 σὴς
359 2505 425 2544 καὶ
457 2506 644 2550 δύσελπις,
689 2507 832 2558 κλέψαι
863 2507 905 2546 δὲ
934 2508 1146 2558 πράγματα
1176 2508 1243 2547 καὶ
1272 2508 1592 2547 συσκευάσασθαι
1620 2507 1757 2558 κρύφα
1787 2507 1917 2550 πόλεις
1943 2506 2010 2547 καὶ
2038 2505 2253 2556 τυράννους
2281 2504 2534 2556 ἐπηβολώτα-

254 2586 330 2614 τος.
390 2571 536 2610 Aratus
566 2577 604 2611 ct
634 2571 749 2611 initio
780 2572 958 2613 eiusdem
989 2574 1134 2626 capitis
1177 2573 1300 2614 fuisse
1331 2573 1478 2614 dicitur
1520 2576 1676 2625 πικρῶς
1703 2570 1999 2625 μισοτύραννοξ
2031 2575 2070 2611 et
2114 2572 2219 2624 (cap.
2250 2570 2426 2621 XXXV)
2456 2570 2535 2623 Ly-

256 2637 411 2687 (liades,
444 2640 563 2676 αὐτοῦ
594 2641 801 2691 κατηγόρει
831 2641 890 2684 ὡς
920 2642 1127 2691 δυσμενῶς
1155 2642 1222 2679 καὶ
1252 2642 1522 2684 ἀδιαλλάκτως
1551 2641 1609 2679 ἀεὶ
1637 2641 1739 2691 πρὸς
1768 2640 1859 2683 τσὺς
1886 2640 2102 2690 τυράννους
2131 2640 2297 2690 ἔχοντος.
2352 2637 2535 2677 Eundem
2568 2647 2577 2656 ⁴

254 2704 497 2751 Plutarchus
527 2705 648 2746 tradit
680 2708 785 2759 (cap.
803 2706 859 2756 X)
888 2706 1171 2759 μεγαλόφρονα
1203 2707 1325 2747 fuisse
1356 2711 1396 2748 et
1425 2708 1614 2759 ὁμονοίας
1643 2708 1776 2747 ἐθνῶν
1805 2707 1871 2746 καὶ
1900 2706 2109 2749 κοινωνίας
2137 2706 2294 2745 πόλεων
2327 2705 2395 2745 καὶ
2424 2720 2533 2745 συνε-

254 2772 367 2823 δρίου
397 2761 664 2823 καὶῖθεάτρου
693 2774 788 2824 μίαν
817 2774 961 2826 φωνὴν
991 2775 1172 2826 ἀφιέντος
1202 2775 1260 2819 ὡς
1290 2774 1490 2818 οὐδενὸς
1519 2774 1666 2813 ἄλλου
1711 2777 1805 2813 τῶν
1840 2773 2001 2812 καλῶν
2045 2772 2254 2824 ε’ραστήν.
2325 2770 2533 2812 Eiusmodi

252 2838 424 2878 hominis
455 2838 552 2879 nihil
582 2840 722 2891 minus,
754 2841 907 2893 opinor,
939 2853 1026 2881 esse
1056 2845 1190 2894 potest
1220 2854 1340 2893 quam
1371 2842 1682 2887 συσκευάζεσθαι
1711 2841 1841 2883 πόλεις
1870 2840 1965 2880 καὶ
1993 2841 2219 2891 τυράννους,
2249 2837 2320 2878 sed
2341 2840 2532 2878 συσκευά-

252 2907 388 2952 ζεσθαι
417 2906 549 2950 πόλεις
579 2908 668 2946 ἐπὶ
697 2909 921 2959 τυράννους.
982 2907 1099 2957 Quod
1131 2908 1227 2961 quid
1257 2909 1333 2949 sibi
1365 2908 1473 2960 velit,
1505 2907 1706 2949 docebunt
1742 2906 1781 2946 hi
1813 2907 1890 2947 loci
1921 2905 2222 2948 Demosthenis:
2267 2896 2354 2957 περὶ
2383 2908 2463 2945 τῶν
2493 2905 2534 2945 ἐν

387 3064 419 3101 1)
445 3063 669 3096 adversaria
695 3064 826 3097 critica
850 3073 938 3107 pag.
963 3064 1017 3098 87.

383 3118 418 3159 2)
443 3119 481 3151 in
508 3118 603 3152 libro
630 3119 784 3153 laudato
812 3129 899 3163 pag.
925 3120 1001 3153 590.
