2788 3477
1352 151 1378 192 6

225 284 267 324 δὲ
298 286 444 328 ἁπλῶς.
503 283 584 324 Sed
616 285 765 328 ἁπλοῦς
795 290 854 324 cst
899 285 1017 326 homo
1061 288 1231 340 simplex
1261 292 1301 327 et
1332 288 1439 328 tenui
1471 288 1579 329 victu
1611 291 1800 342 cultuque
1829 295 2040 331 contentus
2068 294 2108 330 et
2138 303 2163 330 a
2192 289 2346 341 fraude,
2391 289 2496 341 dolo,

224 350 383 392 insidiis
412 352 576 392 alienus.
636 352 697 392 Cf.
730 352 834 393 Plut.
865 352 906 393 in
936 354 1020 394 vita
1050 353 1298 408 Philopoem.
1331 369 1420 409 cap.
1452 357 1574 397 XIII:
1620 359 1662 398 ἐν
1691 359 1734 398 δὲ
1762 363 1810 411 τῇ
1840 358 1976 411 Κρήτῃ
2007 358 2257 409 συνεπολέμει
2285 361 2364 402 τοῖς
2392 357 2496 409 Γορ·

223 420 364 464 τυνίοις
393 421 467 471 οὐχ
497 420 554 463 ὡς
584 419 903 473 Πελοποννήσιος
932 422 1033 474 ἀνὴρ
1062 423 1128 462 καὶ
1153 424 1297 474 Ἀρκὰς
1327 424 1477 464 ἁπλοῦν
1497 440 1578 465 τινα
1599 426 1665 465 καὶ
1686 430 1863 477 γενναῖον
1890 426 2074 478 πόλεμον,
2104 424 2200 465 ἀλλὰ
2229 424 2273 464 τὸ
2302 424 2498 477 Κρητικὸν

224 487 328 537 ἦθος
358 488 470 529 ἐνδὺς
498 488 564 525 καὶ
593 492 672 529 τοῖς
702 489 863 526 ἐκείνων
893 490 1106 539 σοφίσμασι
1141 491 1208 528 καὶ
1238 491 1368 533 δόλοις
1396 492 1607 535 κλωπείαις
1634 508 1674 531 τε
1703 494 1769 531 καὶ
1798 493 2000 543 λοχισμοῖς
2027 494 2243 544 χρώμενος.
2317 491 2433 538 Quod
2462 491 2496 530 si

224 552 281 593 ita
312 557 384 603 cst,
415 553 562 597 ἁπλοῦς
591 565 720 604 neque
750 553 880 594 locum
912 553 1033 596 habet
1064 555 1166 596 inter
1197 556 1417 609 δωρητικὸς
1446 558 1511 597 καὶ
1539 559 1809 611 μεγαλόφρων
1837 570 1969 611 neque
1989 558 2137 612 opponi
2153 561 2286 612 potest
2300 556 2363 609 iis,
2394 569 2497 609 quae

224 625 459 670 sequuntur:
490 623 565 658 κᾶν
595 621 776 672 γλίσχρος
806 622 828 672 ἦ
859 624 1052 673 πρότερον
1087 627 1128 662 et
1156 628 1224 674 τῆς
1245 625 1520 675 ’μικρολογίας
1563 627 1630 664 καὶ
1673 627 1932 677 φιλαργυρίας
1975 627 2187 678 ἀνιεμένης.
2260 625 2390 665 Unum
2420 624 2497 664 hoe

225 687 314 727 loco
345 692 478 739 aptum
509 686 668 727 uidetur
698 691 766 727 aut
795 689 1067 740 λαμπρὸςῑ),
1099 694 1141 729 ut
1171 694 1210 729 et
1241 691 1360 742 paulo
1391 691 1495 731 infra
1538 691 1589 731 (le
1633 692 1753 732 simili
1791 705 1833 732 re
1863 692 2011 744 legitur
2039 692 2273 733 adverbium
2303 693 2498 742 λαμπρῶς

226 756 379 802 (ξένους
408 755 575 793 ἑστιῶντι
605 755 820 806 φιλοτίμως
849 756 916 795 καὶ
944 756 1154 808 λαμπρῶς)
1186 760 1225 796 et
1255 756 1500 798 adiectivum
1531 758 1663 800 multis
1693 758 1805 810 locis,
1837 758 1945 799 velut
1965 759 2006 799 in
2022 759 2106 800 vita
2136 758 2330 800 Themist.
2362 757 2496 811 cap.V

226 822 307 869 (καὶ
338 822 411 871 γὰρ
441 822 658 872 φιλοθύτην
688 823 782 860 ὄντα
813 824 879 861 καὶ
908 824 1092 874 λαμπρὸν
1121 825 1162 862 ἐν
1191 829 1272 868 ταῖς
1301 827 1389 876 περὶ
1425 826 1516 870 τοὺς
1545 828 1681 872 ξένους
1711 827 1918 870 δαπάναις·
1964 825 2015 866 de
2058 826 2206 877 garrul.
2237 838 2325 878 cap.
2357 825 2496 865 XVIII

224 889 290 927 καὶ
319 889 638 938 παρεσκευάσατο
668 889 863 940 λαμπράν,
894 891 953 933 ὡς
981 892 1096 935 εἰκός,
1126 892 1305 941 ἑστίασιν)
1337 896 1376 931 ct
1406 893 1698 934 substantivum
1728 894 1956 945 λαμπρότης
1985 892 2025 932 in
2041 893 2126 933 vita
2142 893 2337 933 Themist.
2355 905 2443 944 cap.
2462 891 2496 931 V

225 957 294 1003 (εἰς
325 954 359 994 δ’
386 956 605 1006 Ὀλυμπίαν
634 957 767 996 ἐλθὼν
796 958 862 996 καὶ
893 957 1203 1009 (διαμιλλώμενος
1231 964 1289 1010 τῷ
1322 960 1475 1011 Κίμωνι
1504 962 1592 1012 περὶ
1623 961 1757 1000 δεῖπνα
1787 961 1853 1000 καὶ
1883 961 2031 1012 σκηνὰς
2059 961 2126 1000 καὶ
2155 961 2224 1012 τὴν
2249 960 2369 1012 ἄλλην
2397 960 2495 1011 λαμ-

223 1024 395 1073 πρότητα
425 1024 489 1060 καὶ
518 1026 802 1074 παρασκευήν),
834 1029 903 1063 aut
933 1026 1094 1069 ἁπαλὸς,
1125 1025 1231 1075 quod
1262 1031 1302 1065 et
1332 1027 1480 1079 optime
1525 1027 1739 1080 opponitur
1782 1027 1984 1067 adicetivo
2014 1028 2194 1078 γλίσχρος
2224 1031 2264 1066 et
2294 1039 2496 1078 compara-

224 1089 330 1129 tione
361 1102 448 1128 cum
479 1089 583 1129 ferro
613 1089 716 1129 infra
747 1090 929 1131 instituta
959 1092 1272 1132 commendatur.

359 1157 418 1195 An
449 1156 532 1196 Seni
563 1157 615 1196 sit
643 1157 823 1208 gerenda
839 1171 942 1210 resp.
975 1172 1064 1211 cap.
1083 1159 1157 1199 IV:
1189 1162 1254 1199 καὶ
1285 1161 1360 1211 γὰρ
1389 1166 1456 1213 τῆς
1484 1162 1682 1213 πολιτικῆς
1711 1163 1850 1212 ἀρετῆς
1879 1162 2006 1204 οὕτως
2036 1160 2245 1211 ἀπόλλυται
2274 1160 2318 1199 τὸ
2338 1161 2494 1211 ἀξίωμα

225 1224 291 1262 καὶ
320 1224 363 1262 τὸ
391 1224 562 1273 μέγεθος
590 1225 692 1274 πρός
721 1240 825 1267 τινας
855 1227 1084 1276 οἰκονομίας
1113 1228 1179 1265 καὶ
1208 1228 1504 1278 χρηματισμοὺς
1533 1228 1739 1278 ἀγομένης.

362 1290 472 1333 Τίνας
502 1302 630 1341 neque
661 1291 762 1341 loco,
794 1292 833 1331 in
865 1304 942 1342 quo
973 1296 1034 1331 est
1063 1292 1235 1344 positum
1268 1293 1458 1342 (debebat
1489 1293 1568 1333 dici
1600 1295 1828 1345 οἰκονομίας
1857 1294 2000 1342 raa-65²)
2030 1305 2159 1344 neque
2175 1293 2372 1333 sententia
2393 1305 2496 1332 com-

224 1357 443 1395 mendatur.
503 1357 690 1405 Queritur
720 1358 824 1397 enirn
856 1359 1106 1410 Plutarchus,
1139 1359 1245 1410 quod
1276 1361 1477 1412 principes
1506 1361 1653 1400 omissa
1684 1361 1739 1399 rei
1769 1360 1954 1412 publicae
1985 1372 2081 1399 cura
2110 1359 2163 1399 ad
2199 1359 2257 1399 rei
2288 1358 2496 1398 familiaris

224 1425 539 1477 procurationem
570 1429 609 1464 et
641 1430 849 1475 quaestum
880 1425 1108 1466 faciendum
1145 1426 1403 1467 descendant.
1478 1427 1539 1467 De
1584 1427 1727 1478 quibus
1758 1425 1854 1478 quid
1899 1426 2066 1466 senserit
2096 1425 2286 1466 discimus
2315 1438 2365 1465 ex
2396 1424 2496 1465 eius-

223 1491 314 1531 dem
345 1491 487 1543 capitis
517 1494 541 1541 ξ
572 1492 616 1531 3:
664 1494 845 1543 ἐργασίας
876 1509 917 1544 γε
945 1495 1027 1545 μὴν
1055 1496 1258 1545 βαναύσου
1288 1496 1354 1533 καὶ,
1384 1496 1573 1545 ἀγοραίας
1602 1496 1791 1533 ἅπτεσθαι
1820 1495 1916 1545 μετὰ
1946 1495 2137 1537 πολιτείας
2167 1493 2306 1544 ὅμοιόν
2335 1494 2410 1532 ἐστι
2439 1498 2497 1543 τῷ

224 1559 405 1609 γυναικὸς
435 1559 645 1609 ἐλευθέρας
674 1561 740 1599 καὶ
770 1562 983 1611 σώφρονος
1013 1562 1162 1612 ἔνδυμα
1192 1563 1481 1612 περισπάσαντα
1511 1562 1577 1600 καὶ
1606 1563 1811 1612 περίζωμα
1843 1561 1959 1600 δόντα
1990 1562 2162 1612 συνέχειν
2191 1560 2252 1599 ἐπὶ
2272 1560 2494 1611 καπηλείου.

223 1630 262 1665 et
293 1639 380 1678 cap.
412 1627 448 1665 I:
481 1627 652 1666 Πολλῶν
683 1628 725 1666 δὲ
754 1632 895 1667 κακῶν
925 1630 1113 1680 οὐδεμιᾶς
1143 1628 1256 1680 ἧττον
1285 1630 1455 1680 ἀπραξία
1486 1630 1552 1668 καὶ
1583 1629 1699 1668 δειλία
1729 1630 1795 1667 καὶ
1823 1629 1997 1680 μαλακία
2018 1628 2340 1679 καταισχύνουσιν
2369 1627 2495 1677 ἄνδρα

221 1696 451 1746 πρεσβύτην,
481 1697 525 1734 ἔκ
545 1696 755 1735 πολιτικῶν
785 1698 955 1747 ἀρχείων
983 1698 1282 1748 καταδυόμενον
1301 1699 1355 1740 εἰς
1375 1698 1577 1747 οἰκουρίαν
1607 1700 1804 1747 γυναικῶν
1827 1698 1848 1747 ἢ
1870 1694 1953 1735 κατ’
1986 1695 2109 1746 ἀγρὸν
2135 1697 2343 1746 ἐφορῶντα
2373 1694 2494 1733 καλα-

220 1763 384 1813 μητρίας
413 1763 478 1801 καὶ
510 1763 697 1813 θεριστάς.
758 1763 899 1814 Itaque
930 1764 1127 1803 sententia
1157 1764 1245 1816 ipsa
1274 1763 1476 1816 postulare
1507 1762 1677 1813 videtur,
1722 1766 1765 1802 ut
1808 1775 1880 1815 pro
1923 1777 2027 1806 τινας
2070 1761 2267 1802 scribatur
2303 1760 2492 1804 ταπεινὰς.

222 1828 273 1868 ef.
305 1828 354 1868 (le
385 1828 533 1869 adulat.
566 1835 604 1869 et
635 1830 764 1870 amico
795 1844 883 1884 cap.
916 1831 1079 1871 XXIII:
1127 1832 1167 1871 ἒν
1195 1836 1277 1875 ταῖς
1320 1833 1498 1883 αἰσχραῖς
1541 1832 1606 1870 καὶ
1636 1835 1830 1874 ταπειναῖς
1859 1831 1924 1869 καὶ
1962 1830 2120 1876 ἀδόξοις
2150 1830 2362 1872 διακονίαις
2391 1828 2490 1867 ἀπό-

221 1912 373 1948 χρησαι,
402 1899 592 1948 πάτησονε
625 1899 742 1937 οὐδὲν
772 1900 914 1949 ἡγεῖται
945 1898 1046 1947 (scil.
1080 1901 1101 1950 ἡ
1133 1900 1334 1947 κολακεία)
1366 1899 1492 1937 δεινὸν
1522 1899 1616 1937 οὐδὲ
1646 1898 1876 1948 ὑβριστικόν.

356 1964 499 2003 Multos
529 1964 638 2003 locos
668 1969 825 2004 constat
856 1970 1063 2018 corruptos
1093 1978 1179 2005 esse
1210 1978 1258 2005 eo
1289 1965 1394 2017 quod
1426 1978 1515 2005 cum
1545 1964 1598 2004 ad
1628 1965 1787 2017 plenam
1817 1963 2055 2004 sententiam
2085 1963 2273 2003 nonnulla
2307 1962 2494 2002 deessent

222 2044 271 2070 cx
303 2031 635 2082 praecedentibus
665 2032 871 2084 scriptoris
902 2032 1035 2073 verbis
1064 2032 1300 2085 supplenda,
1345 2033 1500 2073 scribae
1545 2045 1648 2083 quae
1683 2030 2028 2082 subintellegenda
2059 2035 2202 2081 essent,
2245 2029 2494 2070 *haesitantes

221 2110 293 2137 sua
324 2122 376 2125 —
406 2098 536 2138 aliena
566 2099 757 2151 pleraque
787 2104 826 2139 et
857 2099 1032 2140 absurda
1061 2124 1115 2128 —-
1146 2100 1315 2140 orationi
1345 2100 1604 2140 inseruerunt.
1650 2098 1771 2140 Cuius
1801 2099 1858 2138 rci
1889 2098 2053 2138 inlustre
2074 2097 2299 2150 exemplum
2330 2096 2494 2137 exhibet

222 2165 491 2204 conclamatus
521 2166 733 2217 multisque
764 2167 974 2206 multorum
1020 2166 1260 2207 coniecturis
1304 2170 1520 2219 temptatus
1564 2166 1674 2206 locus
1710 2165 1761 2205 de
1790 2164 2071 2218 superstitione
2102 2176 2190 2217 cap.
2222 2164 2292 2214 lv,
2337 2163 2404 2203 ubi
2434 2162 2494 2203 sic

222 2232 385 2284 legitur:
418 2232 479 2271 εἴτ’
511 2233 616 2272 οὗτοι
647 2233 688 2281 (i.
721 2247 755 2273 e.
786 2236 824 2273 οἱ
853 2235 1148 2285 δεισιδαίμονες)
1178 2235 1221 2273 τὸ
1252 2236 1448 2273 δουλεύειν
1478 2235 1658 2285 ἀτύχημα
1689 2236 1871 2284 ἡγοῦνται
1901 2234 1967 2271 καὶ
1995 2233 2166 2282 λέγουσιε

360 2300 543 2351 ,δεινήτις
572 2301 685 2351 ἀνδρὶ
714 2301 780 2340 καὶ
811 2302 963 2352 γυναικὶ
992 2302 1182 2352 συμφορὰ
1214 2302 1381 2345 δούλους
1412 2301 1591 2352 γενέσθαι
1636 2301 1826 2343 δεσπότας
1854 2315 1893 2339 τε
1923 2300 2122 2351 δυσχερεῖς
2150 2297 2320 2350 λαβεῖν“.
2378 2299 2494 2348 πόσῳ

222 2368 264 2406 δὲ
296 2368 510 2418 δεινότερον
540 2369 670 2407 οἴεσθε
699 2370 861 2421 πάσχειν
890 2369 1033 2413 αὐτοὺς
1077 2369 1369 2421 ἀνεκφεύκτους
1413 2368 1738 2419 ἀναποδράστους
1767 2367 2058 2410 ἀνυποστάτους
2086 2367 2377 2418 λαμβάνονταςς
2422 2365 2492 2404 αὔ-

219 2435 310 2478 τοὺς
340 2434 380 2474 in
411 2435 606 2475 nonnullis
636 2436 796 2488 optimis
827 2435 945 2476 codd.
977 2435 1117 2476 deesse
1148 2440 1317 2475 testatur
1347 2434 1679 2485 chardakis³)3
1712 2434 1817 2474 idem
1848 2438 1956 2474 reete
1986 2438 2132 2484 monet,
2164 2434 2300 2479 δεινόν,
2331 2433 2492 2472 δεινότε-

219 2518 292 2554 ρον
321 2504 482 2554 πάσχειν
511 2516 582 2555 pro
612 2504 759 2543 usitato
790 2505 907 2549 δεινά,
938 2505 1133 2555 δεινότερα
1163 2506 1334 2556 πάσχειν,
1381 2504 1444 2543 vel
1475 2504 1600 2543 δεινόν
1628 2519 1661 2542 τι
1689 2504 1851 2554 πάσχειν
1880 2502 2124 2542 rarissimum
2154 2513 2255 2542 esse.
2314 2500 2494 2553 Wytten-

219 2569 388 2609 bachius
418 2569 629 2620 legendum
661 2571 814 2610 censuit
857 2572 973 2622 πόσῳ
1004 2572 1078 2610 δεῖ
1104 2572 1319 2621 δεινότερον
1349 2572 1500 2609 οἴεσθαι
1543 2571 1705 2621 πάσχειν
1734 2569 1907 2612 αὐτοὺς
1941 2569 2148 2620 (λαβόντας
2178 2569 2377 2618 δυστυχεῖς
2407 2568 2493 2606 δεσ-

217 2637 370 2685 πότας).
431 2636 512 2675 Sed
543 2638 733 2681 δεσπότας
763 2637 839 2677 hoc
870 2638 958 2677 loco
989 2651 1013 2677 a
1044 2637 1259 2677 Plutarcho
1290 2638 1398 2690 ipsos
1428 2636 1525 2676 deos
1555 2636 1745 2687 intellegi,
1791 2640 1831 2675 et
1861 2648 1912 2674 ex
1942 2635 2002 2685 iis,
2039 2647 2142 2686 quae
2172 2634 2353 2687 proxime
2382 2645 2494 2686 prae-

219 2702 369 2745 cedunt
399 2706 438 2755 (ἡ
471 2705 513 2744 δὲ
543 2706 819 2756 δεισιδαιμονία
851 2707 961 2745 θεῶν
1004 2706 1176 2756 ἀλλαγὴν
1219 2707 1267 2744 οὐ
1298 2706 1469 2749 δίδωσιν,
1514 2702 1599 2744 οὐδ’
1632 2706 1731 2743 ἔστιν
1760 2705 1895 2754 εὑρεῖν,
1940 2705 1986 2742 ὃν
2023 2704 2071 2742 οὗ
2100 2703 2315 2753 φοβήσεται
2344 2702 2441 2741 θεὸν
2471 2702 2494 2741 ὁ

346 2839 378 2877 1)
405 2837 651 2881 Corruptelac
677 2848 808 2871 ansam
837 2839 1014 2882 praebuit
1038 2840 1055 2871 λ
1081 2840 1208 2872 nescio
1238 2848 1313 2881 quo
1340 2847 1432 2870 casu
1458 2838 1645 2870 omissum.

343 2894 377 2933 2)
402 2893 538 2937 Longe
563 2895 636 2927 alia
661 2900 717 2928 est
743 2899 881 2928 natura
906 2905 1036 2928 corum
1064 2895 1244 2935 locorum,
1270 2895 1335 2927 ubi
1361 2903 1502 2936 magna
1526 2897 1581 2926 est
1606 2894 1644 2926 in
1670 2893 1893 2936 pronomine
1917 2893 1984 2933 vis,
2009 2895 2051 2925 ut
2076 2891 2123 2924 de
2147 2891 2287 2924 adulat.
2313 2894 2349 2925 et
2373 2892 2494 2925 amico

220 2962 300 2993 cap.
326 2950 471 2984 XXIII:
496 2951 566 2983 ἀλλ’
592 2952 613 2993 ἥ
636 2952 832 2993 γεκολακειά
857 2951 1045 2984 τούναντίον
1068 2952 1103 2984 ἐν
1125 2951 1186 2993 μὲν
1210 2957 1278 2987 ταῖς
1301 2951 1467 2986 ἐπιπόνοις
1503 2951 1559 2983 καὶ
1584 2950 1824 2983 κινδυνώδεσιν
1855 2949 2049 2991 ὑπουργίαις
2084 2948 2299 2990 ἀπαγορεύει·
2336 2948 2400 2981 κᾶν
2422 2949 2493 2982 δια-

218 3007 424 3048 πειρώμενος
450 3007 609 3049 κρούσῃς,
631 3007 759 3049 σαθρὸν
783 3008 821 3040 ἔκ
846 3020 932 3044 τινος
956 3007 1160 3050 προφάσεως
1186 3007 1316 3050 ὑπηχεῖ.
1354 3006 1536 3039 Nullam
1564 3015 1768 3046 causam,
1794 3005 1916 3047 inquit
1942 3003 2168 3036 Plutarchus
2193 3013 2282 3037 non
2307 3004 2496 3047 arripiunt

220 3063 447 3104 adulatores,
474 3066 517 3096 ut
541 3063 732 3097 laboriosa
757 3068 794 3097 et
820 3064 1032 3107 periculosa
1058 3064 1264 3098 ministeria
1289 3063 1582 3105 subterfugiant.

343 3120 376 3158 3)
401 3120 439 3152 in
465 3120 485 3152 l.
510 3120 531 3152 l.
557 3130 644 3163 pag.
670 3120 723 3153 60.
