2788 3477
203 938 783 1009 Observationes
830 940 1133 1009 criticae
1188 941 1268 1008 in
1331 942 1742 1008 nonnullos
1800 942 1998 1008 locos
2046 940 2457 1008 Plutarchi.

1247 1120 1404 1167 Scripsit
1461 1164 1466 1168 .

1040 1233 1201 1296 Ilugo
1237 1233 1627 1285 wachendorf.

335 1490 543 1540 Quomodo
573 1491 808 1532 adulescens
844 1496 985 1544 poetas
1014 1491 1153 1532 audire
1183 1492 1329 1533 debeat
1360 1506 1449 1546 cap.
1480 1493 1592 1532 VIII.
1657 1492 1752 1533 Οἷον
1780 1493 1803 1532 ὁ
1827 1493 2019 1544 Ἀχιλλεὺς
2050 1524 2264 1530 ........
2295 1493 2460 1535 ἀναστὰς

199 1560 247 1600 οὐ
279 1560 512 1612 δημαγωγεῖ
534 1559 636 1611 πρὸς
663 1559 732 1599 τὸν
759 1560 889 1612 ὄχλον,
920 1559 1016 1600 ἀλλὰ
1045 1565 1104 1612 τῷ
1132 1560 1284 1612 βασιλεῖ
1308 1561 1470 1612 γίγνεται
1500 1560 1726 1611 σύμβουλος
1755 1560 1832 1599 κτλ.

333 1627 592 1679 Δημαγωγεῖν
621 1626 743 1667 verbo
773 1625 970 1667 deteriore
999 1626 1068 1667 illa
1095 1627 1256 1668 notione
1286 1639 1424 1670 auram
1452 1626 1685 1680 popularem
1715 1626 1905 1680 captandi
1949 1626 2156 1680 plebisque
2186 1625 2460 1667 sollicitandae

199 1694 438 1735 Plutarchus
466 1695 658 1734 sescentis
687 1695 786 1735 locis
815 1698 855 1735 et
884 1695 924 1734 in
953 1695 1046 1735 vitis
1075 1698 1115 1734 et
1143 1695 1184 1735 in
1212 1695 1372 1749 scriptis
1414 1694 1630 1736 moralibus
1672 1695 1795 1735 utitur
1838 1707 1912 1735 nec
1955 1698 2088 1734 tamen
2126 1706 2291 1746 usquam
2321 1693 2460 1734 addito

197 1763 310 1814 πρὸς,
354 1761 425 1803 sed
469 1767 538 1823 au‘t
567 1758 755 1803 adiuncto
799 1763 1030 1803 accusativo
1061 1763 1161 1813 (sine
1175 1763 1488 1816 praepositione)
1518 1768 1586 1802 aut
1615 1763 1807 1803 absolute.
1868 1762 1989 1802 Cuius
2018 1763 2074 1802 rei
2096 1763 2162 1813 qui
2189 1762 2311 1801 multa
2332 1774 2461 1801 exem·

199 1830 266 1882 pla
295 1829 440 1882 attulit,
470 1829 817 1882 Wyttenbachius,
848 1829 954 1870 idem
984 1829 1157 1870 traditae
1185 1830 1368 1871 lectionis
1396 1831 1660 1883 patrocinium
1690 1831 1890 1883 suscipere
1920 1831 1977 1869 ita
1998 1834 2165 1870 conatus
2186 1834 2256 1879 est,
2287 1834 2329 1868 ut
2355 1828 2460 1879 quod

200 1897 438 1949 δημηγορεῖν
465 1897 661 1950 πρὸςῇτὸν
690 1898 809 1949 ὄχλον
838 1900 888 1937 et'
908 1897 1158 1949 δημαγωγεῖν
1185 1897 1252 1936 τὸν
1281 1897 1400 1949 ὄχλον
1428 1901 1536 1938 recte
1566 1896 1734 1947 dicatur,
1779 1896 1880 1936 (luas
1923 1896 2012 1937 illas
2041 1896 2259 1936 locutiones
2288 1896 2327 1935 in
2357 1895 2461 1935 hanc

199 1975 317 2003 unam
348 1962 533 2003 confusas
553 1976 639 2004 esse
665 1967 791 2016 putet,
820 1964 922 2015 πρὸς
951 1967 1084 2003 autem
1114 1962 1255 2004 eodem
1285 1976 1357 2003 usu
1387 1963 1538 2004 dictum
1559 1963 1699 2014 videri,
1737 1975 1815 2015 quo
1845 1962 2003 2004 dicatur
2030 1964 2132 2014 πρός
2160 1977 2240 2002 τινα
2269 1963 2461 2002 πολιτεύε·

199 2031 293 2070 σθαι
322 2029 391 2080 (ad
421 2030 589 2070 alicuius
632 2030 877 2071 voluntatem
920 2043 1003 2070 rem
1046 2030 1248 2083 publicam
1291 2030 1583 2080 administrare)
1619 2032 1720 2081 πρός
1754 2046 1834 2070 τινα
1865 2031 1959 2070 εἶναι
1990 2030 2058 2080 (ab
2088 2030 2254 2070 alicuius
2283 2029 2463 2082 partibus

200 2098 316 2149 esse),
345 2098 446 2149 πρός
473 2112 555 2137 τινα
585 2099 656 2149 ζῆν
699 2096 768 2148 (ad
797 2097 973 2152 alicuius
994 2097 1202 2150 imperium
1231 2098 1394 2147 vivere).
1467 2096 1549 2138 Sed
1579 2110 1707 2148 neque
1742 2097 1840 2137 illud
1871 2097 2086 2137 verisimile
2123 2102 2182 2136 est
2210 2109 2337 2147 neque
2367 2100 2462 2148 apte

198 2163 314 2204 nobis
342 2163 566 2217 comparari
594 2162 780 2203 videntur
807 2165 908 2214 πρός
935 2178 1017 2203 τινα
1045 2164 1325 2210 πολιτεύεσθαι,
1355 2164 1441 2204 sim.
1499 2164 1604 2205 Nam
1634 2176 1723 2204 cum
1754 2164 1896 2204 verba:
1942 2164 2220 2207 πολιτεύεσθαι,
2256 2162 2360 2207 εἶναι,
2391 2164 2463 2213 ζῆν

198 2229 490 2270 intransitivam
519 2229 600 2270 vim
628 2229 816 2281 habeant,
845 2230 964 2282 longe
994 2230 1074 2270 alia
1104 2242 1191 2270 esse
1219 2235 1399 2283 apparet.
1458 2230 1544 2272 Nec
1574 2234 1707 2270 tamen
1737 2242 1826 2271 cum
1856 2229 2060 2270 Herchero
2090 2228 2332 2283 praepositio
2361 2229 2464 2280 πρὸς

199 2296 384 2337 eicienda
412 2301 485 2348 est,
516 2310 619 2348 quae
648 2296 754 2337 unde
783 2298 824 2336 in
853 2297 975 2337 libros
1003 2297 1225 2349 inrepserit,
1256 2297 1420 2337 difficile
1450 2297 1561 2337 dictu
1581 2302 1654 2337 est.
1700 2297 1909 2337 Sublatam
1930 2296 2006 2336 erit
2025 2296 2208 2336 mendum
2230 2308 2308 2335 non
2328 2295 2463 2335 deleto

197 2364 311 2415 πρός,
341 2362 413 2404 sed
441 2362 591 2404 additis
625 2363 687 2415 iis,
732 2376 834 2415 quae
863 2363 1019 2404 scribae
1048 2364 1200 2404 incuria
1229 2363 1398 2404 sustulit.
1470 2363 1705 2415 Legendum
1749 2364 1852 2403 enim
1898 2365 1946 2403 οὐ
1976 2365 2207 2414 δημαγωγεῖ
2229 2362 2356 2412 πρὸς
2383 2363 2465 2400 τὸν

198 2430 399 2482 βασιλέα
428 2429 495 2471 τὸν
524 2430 652 2483 ὄχλον.
702 2429 791 2471 Den
821 2429 945 2471 Pobel
974 2442 1106 2483 gegen
1135 2428 1214 2471 den
1244 2429 1378 2483 Konig
1407 2429 1620 2472 aufhetzen
1662 2431 1763 2482 πρὸς
1793 2434 1853 2471 est
1886 2448 1933 2464 =
1966 2429 2168 2480 adversus,
2200 2433 2351 2469 contra.
2412 2428 2464 2469 cf.

199 2496 485 2550 apophthegm.
515 2497 719 2538 Laconica
749 2510 837 2550 cap.
867 2499 941 2538 40:
973 2500 1011 2538 οἱ
1039 2499 1158 2550 δῆμοι
1185 2498 1287 2549 πρὸς
1314 2499 1405 2543 τοὺς
1419 2499 1668 2550 Σπαρτιάτας
1696 2499 2068 2549 ἐξεπολεμώθησαν·
2099 2496 2150 2536 de
2170 2496 2323 2536 mulier.
2354 2497 2463 2535 virtt.

203 2564 273 2604 16:
317 2568 397 2604 τῶν
425 2566 479 2609 εἰς
507 2564 684 2616 Μίλητον
712 2566 969 2616 ἀφικομένων
991 2564 1141 2604 Ἰώνων
1169 2566 1437 2609 στασιάσαντες
1466 2567 1557 2605 ἔνιοι
1585 2566 1687 2616 πρὸς
1714 2566 1806 2609 τοὺς
1832 2564 1983 2604 Νείλεω
2012 2565 2172 2607 παῖδας·
2202 2562 2302 2603 ibid.
2333 2563 2397 2602 19.
2429 2564 2466 2602 οἳ

160 2624 172 2637 ’
200 2632 304 2682 φίλοι
334 2631 520 2684 διαβολάς
548 2646 652 2675 τινας
680 2632 739 2671 ἀεὶ
767 2632 834 2671 καὶ
862 2632 1050 2676 ὑπονοίας
1078 2633 1364 2679 κατεσκεύαζον
1392 2633 1502 2684 αὐτῷ
1530 2633 1632 2684 πρὸς
1659 2633 1726 2672 τὸν
1755 2633 1936 2683 ἀδελφόν.

333 2697 394 2738 Ea
423 2710 542 2749 quam
571 2698 847 2751 proposuimus
877 2698 1047 2738 lectione
1076 2702 1239 2752 recepta
1268 2702 1448 2752 apparet,
1480 2712 1598 2751 quam
1627 2703 1721 2751 apte
1751 2702 2019 2751 opponantur:
2080 2698 2176 2737 ἀλλὰ
2220 2703 2277 2748 τῴ
2320 2698 2471 2749 βασιλεῖ

201 2766 364 2817 γίγνεται
393 2766 629 2818 σύμβουλος.

334 2831 473 2872 Ortum
503 2835 564 2872 est
592 2831 778 2871 mendum
808 2831 959 2872 librarii
989 2832 1104 2872 oculo
1135 2844 1160 2872 a
1187 2833 1319 2885 priore
1347 2833 1415 2873 τὸν
1443 2832 1496 2873 ad
1532 2833 1700 2873 alterum
1728 2832 1795 2872 τὸν
1824 2832 2035 2872 aberrante
2066 2831 2270 2872 Subiciam
2315 2830 2467 2883 aliquot

200 2898 310 2938 locos
338 2899 457 2939 simili
486 2911 576 2938 meo
606 2898 766 2949 quidem
795 2897 943 2938 iudicio
972 2899 1064 2939 labe
1093 2899 1274 2939 infectos.
1347 2900 1438 2939 Dici
1468 2899 1572 2939 enim
1602 2900 1670 2939 vix
1699 2904 1844 2951 potest,
1889 2911 2009 2950 quam
2040 2910 2160 2950 saepe
2191 2902 2360 2948 quantas
2389 2901 2467 2936 tur-

200 2963 273 3004 bas
302 2964 445 3005 fecerit
474 2977 555 3004 una
583 2964 761 3005 alterave
790 2964 925 3005 littera
953 2965 1018 3005 vel
1048 2977 1144 3005 casu
1174 2965 1238 3005 vel
1267 2966 1487 3006 scribarum
1517 2966 1636 3018 culpa
1665 2966 1901 3018 intercepta.

334 3031 381 3071 In
410 3030 495 3072 vita
523 3031 703 3084 Agesilai
734 3043 823 3084 cap.
854 3030 1020 3072 XXXII
1050 3031 1075 3072 8
1105 3031 1251 3084 legitur
1280 3032 1357 3073 sie:
1396 3033 1651 3085 ἀναχωρῆσαι
1682 3033 1724 3073 δὲ
1752 3033 1844 3077 τοὺς
1877 3031 2080 3084 Θηβαίους
2109 3033 2153 3071 ἐκ
2183 3035 2250 3083 τῆς
2279 3031 2464 3070 Λακωνι-

198 3100 273 3148 κῆς
301 3099 339 3136 οἱ
364 3098 439 3149 μὲν
466 3099 575 3138 ἄλλοι
602 3099 755 3150 λέγουσι
783 3099 993 3150 χειμώνων
1036 3100 1260 3151 γενομένων
1301 3100 1368 3139 καὶ
1410 3103 1490 3139 τῶν
1513 3099 1723 3152 Ἀρκάόων
1752 3100 1989 3152 ἀρξαμένων
2018 3099 2169 3138 ἀπιέναι
2198 3098 2264 3137 καὶ
2295 3097 2471 3149 ὀιαῤῥεῖν

2185 3167 2199 3197 l
