2788 3477
1351 146 1378 187 5

242 281 514 335 expediemus,
544 287 585 323 et
614 283 837 322 sententiae
865 283 964 323 satis
992 282 1072 333 fiet,
1103 282 1136 322 si
1166 281 1424 322 Plutarchum
1454 281 1661 333 scripsisse
1690 294 1843 322 mecum
1873 281 2052 334 putabis:
2081 282 2223 332 Ὅμως
2252 281 2286 320 δ’
2317 284 2396 322 ἐπεὶ
2426 284 2493 322 ‹Sv-

239 350 352 401 νάμει
379 350 447 389 καὶ
475 350 645 402 ὠφελείᾳ
672 349 836 400 μάλιστα
865 349 986 393 θεοὺς
1013 349 1313 400 καθορῶμεν
1343 348 1602 392 διεστῶτας
1631 348 1711 397 (vel
1741 348 2026 400 ὀιαφέροντας),
2070 349 2211 388 καθότι
2239 350 2315 388 κτλ.
2374 350 2494 390 Ιῃῐετέ

239 413 422 457 ciderunt
450 420 586 469 ρῶμεν
615 416 831 462 διεστῶτας,
875 427 965 455 cum
1007 414 1160 456 librarii
1203 414 1341 455 oculus
1369 427 1395 455 a
1422 415 1531 455 καθο
1573 413 1614 454 in
1643 415 1887 467 καθορῶμεν
1930 414 1983 455 ad
2011 416 2119 455 καθο
2148 414 2189 454 in
2218 416 2356 455 καθότι
2385 417 2494 456 aber-

239 487 379 523 rasset.
452 482 681 536 Composito
724 483 908 534 καθορᾶν
937 481 1175 523 Plutarchus
1218 481 1451 534 saepissime
1494 481 1617 522 utitur
1661 482 1768 522 velut
1811 482 1851 522 in
1895 482 1972 523 hoc
2015 482 2103 534 ipso
2132 482 2267 522 libello
2297 495 2384 535 cap.
2416 484 2492 524 IX:

241 551 493 602 ἀποκείρουσι
520 550 590 595 τὰς
618 551 772 595 ἵππους,
801 549 879 590 εἶτα
908 549 1009 601 πρὸς
1037 549 1217 602 ποταμὸν
1245 552 1269 602 ἢ
1299 550 1437 601 λίμνην
1463 550 1618 600 ἄγουσι·
1648 550 1894 601 καθορῶσαν
1923 550 1998 601 γὰρ
2027 550 2193 601 ἑκάστην
2220 550 2297 589 κτλ.

371 618 433 658 De
462 616 661 658 sententia
690 615 861 657 conferri
890 621 1023 669 potest
1051 616 1163 656 locus
1191 616 1258 667 qui
1288 620 1349 656 est
1378 615 1429 656 de
1459 615 1746 666 tranquillitate
1776 615 1903 655 animi⁴
1928 628 2017 668 cap.
2048 616 2147 656 XII:
2178 618 2300 655 καίτοι
2329 618 2394 656 καὶ
2418 623 2495 657 τῶν

238 685 348 724 θεῶν
375 685 492 729 ἄλλος
519 684 639 735 ἄλλην
668 684 773 735 ἔχων
802 684 968 736 δύναμιν
996 684 1020 723 ὁ
1048 683 1121 735 μὲν
1149 683 1334 728 ἐνυάλιος,
1365 683 1388 722 ὁ
1417 683 1461 722 δὲ
1487 688 1683 734 μαντῷος,
1713 684 1736 722 ὁ
1767 684 1809 722 δὲ
1837 684 2018 734 κερδῷος
2047 684 2335 734 ἐπονομάζεται.

370 751 475 792 Ibid.
506 763 595 803 cap.
622 750 740 790 XVI:
771 751 1000 802 Σκοπῶμεν
1029 750 1101 790 οὖν
1129 750 1261 795 εὐθὺς,
1290 751 1347 788 ὅτι
1375 755 1443 801 τῆς
1466 750 1700 801 Ἀφροδίτης
1728 750 1772 789 τὸ
1801 751 1917 800 ἔργον
1945 752 2094 800 ἔρωτος
2123 751 2242 789 ὤνιόν
2271 752 2345 790 ἐστι
2376 753 2494 803 <5901-

237 823 316 871 μῆς
343 819 411 858 καὶ
439 819 527 858 οὔτε
555 817 678 857 πόνον
707 817 836 861 οὐδεὶς
865 819 953 857 οὔτε
981 818 1163 857 κίνδυνον
1194 816 1438 868 ἀφροόισίων
1467 817 1580 855 ἕνεκα
1609 817 1665 868 μὴ
1697 818 1800 867 ἐρῶν
1832 817 2042 868 ὑπέμεινεν.

371 883 625 924 Manifestum
655 887 716 923 est
745 887 785 923 et
814 896 864 923 ex
894 883 1034 924 addito
1063 883 1277 936 participio
1305 884 1361 935 μὴ
1393 884 1497 934 ἐρῶν
1526 886 1567 922 et
1595 895 1646 922 ex
1681 883 1743 933 iis,
1789 896 1891 934 quae
1934 883 1974 923 in
2018 883 2158 923 eodem
2203 884 2335 936 capite
2378 886 2495 937 paulo

238 951 342 990 infra
370 952 556 1002 leguntur
567 952 609 999 ¹),
641 950 835 997 hocloco
864 964 943 990 non
973 951 1023 990 de
1053 950 1160 989 omni
1184 951 1417 1000 Ἀφροδίτης
1445 952 1552 1000 ἔργῳ
1581 950 1663 1000 agi,
1694 950 1765 989 sed
1795 950 1845 989 de
1875 953 1981 1000 ἔργῳ
2011 951 2157 989 amoris
2186 956 2362 1002 experte.
2421 953 2495 991 Ita-

239 1029 328 1069 que,
358 1030 409 1058 ne
438 1015 546 1069 quod
575 1015 855 1070 gravissimum
885 1020 983 1068 crat,
1028 1016 1271 1067 reticeretur,
1302 1014 1481 1069 plerique
1510 1015 1720 1056 Reiskium
1749 1015 1876 1056 secuti
1905 1017 1998 1056 ἄνευ
2029 1020 2121 1056 ante
2150 1018 2299 1067 ἔρωτος
2328 1016 2495 1058 inserue-

238 1089 348 1136 runt3
379 1084 448 1126 alii
478 1097 529 1125 ex
558 1084 652 1124 Bas.
684 1083 836 1125 codicis
865 1083 1104 1125 auctoritate
1133 1085 1291 1135 ἔρωτος,
1337 1082 1443 1134 quod
1487 1086 1548 1123 est
1591 1083 1633 1123 in
1676 1083 1820 1123 ceteris
1856 1082 1969 1123 libris
1997 1082 2253 1135 fidedignis,
2284 1083 2494 1125 eiecerunt.

240 1151 321 1192 Sed
342 1164 417 1192 nec
446 1152 566 1192 facile
596 1151 853 1203 intellegitur,
884 1150 1219 1203 quemadmodum
1248 1152 1341 1190 ἄνευ
1371 1149 1630 1200 interciderit,
1674 1163 1750 1190 nec
1794 1163 1873 1201 qua
1916 1150 2069 1190 ratione
2099 1153 2248 1201 ἔρωτος
2277 1151 2316 1190 in
2346 1156 2494 1191 textum

239 1218 403 1271 venerit,
435 1232 513 1271 quo
543 1219 688 1261 omisso
719 1219 834 1259 simul
864 1218 905 1258 id
935 1218 1065 1272 ipsum
1094 1217 1219 1269 deest,
1265 1217 1316 1258 de
1360 1230 1437 1269 quo
1481 1217 1558 1257 hoc
1600 1217 1688 1257 loco
1719 1230 1768 1257 ex
1798 1217 1860 1268 iis,
1905 1230 2007 1269 quae
2051 1230 2171 1270 supra
2200 1216 2386 1268 diximus,
2430 1219 2495 1271 agi

239 1292 419 1340 apparet.
463 1287 605 1338 Itaque
634 1287 732 1328 mihi
763 1288 830 1327 vix
860 1286 1025 1327 dubium
1054 1285 1223 1337 videtur,
1254 1285 1349 1337 quin
1379 1285 1617 1326 Plutarchus
1646 1286 1850 1338 scripserit
1879 1287 2027 1336 ἔρωτος
2055 1286 2214 1332 κενὸν,
2252 1286 2356 1337 quod
2388 1287 2495 1327 facil-

240 1353 332 1393 lime
362 1357 455 1393 ante
485 1355 606 1394 ὤνιον
635 1353 821 1395 excidere
864 1352 1006 1406 potuit.
1065 1352 1116 1393 cf.
1161 1352 1276 1392 Plato
1320 1351 1423 1391 Tim.
1456 1351 1546 1391 75a.
1611 1352 1713 1392 Ὅσα
1757 1353 1850 1391 κενά
1895 1353 1970 1392 ἐστι
2012 1354 2256 1404 φρονήσεως.
2315 1353 2415 1392 Plut.
2446 1353 2495 1393 de

239 1420 476 1471 garrulitate
492 1433 581 1473 cap.
599 1422 636 1460 Ι;
669 1422 738 1460 Διὸ
767 1426 845 1464 τοῖς
872 1422 945 1471 μὲν
974 1420 1103 1464 ἄλλοις
1132 1421 1364 1470 ἐμμένουσιν
1393 1421 1431 1458 οἱ
1457 1420 1576 1470 λόγοι,
1612 1423 1692 1458 τῶν
1721 1417 1756 1458 δ’
1788 1420 2016 1470 ἀδολέσχων
2045 1420 2267 1470 διαρρέουσι
2298 1452 2304 1458 .
2327 1452 2333 1458 .
2356 1452 2362 1458 .
2392 1423 2495 1461 κενοὶ

240 1492 411 1539 φρενῶν,
441 1490 542 1539 ἤχου
573 1489 616 1528 δὲ
643 1490 775 1539 μεστοὶ
804 1490 1001 1539 περιίασιν.

373 1553 476 1594 Ibid.
508 1567 597 1608 cap.
629 1554 768 1595 XVII:
795 1554 1039 1607 Ἡρακλέους
1067 1555 1111 1594 δὲ
1139 1553 1229 1598 τοὺς
1256 1553 1329 1606 μὲν
1357 1553 1498 1598 ἄλλους
1527 1554 1677 1604 ἔρωτας
1706 1554 1823 1605 ἔργον
1851 1554 1950 1593 ἐστιν
1978 1555 2095 1593 εἰπεῖν
2125 1554 2187 1593 διὰ
2216 1554 2385 1606 πλῆθος·
2424 1554 2494 1594 Ἰό-

239 1622 334 1660 λαον
364 1622 406 1661 ὁὲ
435 1623 656 1673 νομίζοντες
685 1623 887 1673 ἐρώμενον
915 1623 1036 1661 αὐτοῦ
1066 1623 1272 1673 γεγονέναι,
1308 1623 1424 1673 μέχρι
1452 1625 1522 1660 νῦν
1550 1622 1728 1672 σέβονται
1756 1622 1822 1660 καὶ
1842 1625 2013 1673 τιμῶσιν,
2035 1621 2212 1672 Ἔρωτος
2242 1621 2320 1670 (vel
2336 1623 2495 1673 ἔρωτος)

243 1689 389 1738 ὅρκους
418 1704 457 1727 τε
485 1689 551 1727 καὶ
579 1690 720 1732 πίστεις
749 1690 810 1728 ἐπὶ
838 1694 907 1728 τοῦ
936 1690 1064 1739 τάφου
1092 1689 1201 1739 παρὰ
1230 1693 1310 1728 τῶν
1338 1690 1556 1739 ἐρωμένων
1584 1689 1858 1739 λαμβάνοντες.

372 1753 465 1797 Noli
495 1758 650 1807 putare,
695 1754 910 1795 Plutarcho
939 1754 1017 1808 ipsi
1047 1754 1184 1795 deberi
1214 1754 1299 1795 sive
1326 1754 1506 1807 Ἔρωτος
1549 1754 1634 1795 sive
1676 1756 1844 1806 ἔρωτοςς
1889 1767 1979 1795 nam
2010 1768 2099 1795 cum
2129 1755 2286 1807 doceat,
2318 1756 2425 1796 Iolao
2454 1760 2496 1796 ut

240 1821 424 1861 Herculis
453 1821 605 1861 amasio
636 1821 793 1862 divinos
822 1822 992 1862 honores
1021 1821 1160 1862 haberi
1191 1824 1383 1874 (σέβονται
1411 1823 1478 1861 καὶ
1506 1823 1683 1874 τιμῶσιν)
1727 1822 1812 1862 eius
1842 1822 1898 1861 rei
1943 1822 2040 1862 illud
2085 1828 2359 1875 argumentum
2390 1828 2495 1864 reete

239 1887 364 1939 addit,
396 1888 503 1940 quod
533 1889 601 1940 qui
632 1889 740 1942 capti
770 1894 883 1930 erant
912 1902 1059 1940 amore,
1091 1902 1171 1941 eos,
1202 1902 1303 1941 quos
1330 1889 1531 1941 amabant,
1560 1903 1634 1942 per
1663 1902 1764 1941 eum,
1795 1894 1838 1930 ut
1869 1889 1986 1930 deum
2016 1890 2160 1941 iurare,
2191 1891 2276 1932 eius
2294 1890 2423 1941 fidem,
2453 1896 2496 1931 ut

239 1955 317 2007 dei,
348 1955 561 2009 implorare
584 1957 727 2009 iubere
757 1957 922 1997 soleant.
982 1956 1072 2008 Qui,
1103 1957 1137 1997 si
1167 1956 1316 1998 tradita
1344 1957 1463 1997 lectio
1492 1969 1589 1997 vera
1618 1961 1735 2007 esset,
1766 1971 1843 1997 non
1878 1957 2043 2008 Iolaum,
2074 1957 2146 1998 sed
2158 1958 2493 2010 ’EQmm—quid

237 2021 313 2063 hoc
343 2022 395 2063 ad
425 2023 608 2063 Iolaum‘?
637 2047 692 2052 —
721 2024 1011 2076 implorassent.
1071 2023 1176 2072 Quid
1206 2025 1311 2064 enim
1339 2023 1449 2064 aliud
1478 2023 1703 2076 significare
1732 2029 1896 2077 possunt
1925 2026 2039 2076 ὅρκοι
2060 2025 2266 2076 Ἔρωτοςῗ)
2310 2026 2394 2066 Nec
2414 2039 2492 2065 ma-

239 2088 303 2140 gis
332 2089 466 2141 placet
494 2091 643 2141 ἔρωτος
672 2091 819 2141 ὅρκους
847 2106 886 2130 τε
914 2091 980 2130 καὶ
1007 2090 1166 2141 πίστειςς
1196 2104 1289 2131 nam
1319 2090 1416 2142 quid
1443 2103 1515 2144 per
1543 2103 1586 2131 se
1615 2091 1745 2143 magis
1773 2103 1968 2144 apparere
1997 2095 2142 2144 potest,
2188 2104 2307 2143 quam
2349 2094 2494 2143 ὅρκους

237 2171 277 2195 τε
305 2157 371 2194 καὶ
398 2158 550 2202 πίστεις,
581 2157 724 2207 quibus
744 2162 924 2197 amantes
953 2170 1034 2207 eos,
1065 2171 1164 2208 quos
1183 2163 1331 2209 amant,
1362 2158 1625 2210 obstringunt,
1655 2158 1854 2210 pertinere
1869 2158 1922 2197 ad
1937 2159 2143 2198 amorem‘.>
2187 2159 2354 2199 Accedit
2374 2159 2491 2210 quod,

238 2222 322 2262 sive
351 2224 500 2274 ἔρωτος
529 2223 744 2276 praeferes,
776 2223 860 2264 sive
881 2224 1068 2276 Ἔρωτος,
1112 2224 1361 2266 desiderabis
1390 2224 1556 2277 aliquid,
1602 2223 1708 2277 quod
1737 2223 1977 2278 respondeat
2011 2224 2069 2265 illi
2098 2226 2206 2277 παρὰ
2236 2230 2314 2266 τῶν
2343 2227 2492 2277 ἐρωμέ-

236 2305 326 2330 νων.
371 2289 529 2338 Quanto
558 2290 699 2331 melius
714 2291 952 2332 Plutarchus
982 2291 1080 2344 ipse,
1111 2292 1222 2333 cuius
1252 2291 1353 2332 haec
1382 2296 1472 2332 sunt
1501 2291 1553 2332 de
1582 2292 1726 2333 eadem
1755 2305 1797 2332 re
1826 2292 1867 2332 in
1897 2292 1981 2332 vita
1996 2292 2216 2345 Pelopidae
2232 2305 2319 2345 cap.
2336 2293 2491 2332 XVIII:

232 2357 494 2408 Ἀριστοτέλης
523 2358 566 2397 δὲ
595 2359 660 2397 καὶ
690 2357 785 2398 καθ’
817 2359 936 2398 αὑτὸν
964 2361 1015 2398 ἔτι
1058 2360 1176 2411 φησὶν
1212 2361 1273 2399 ἐπὶ
1300 2364 1369 2399 τοῦ
1398 2361 1527 2411 τάφου
1569 2365 1638 2400 τοῦ
1677 2360 1807 2399 Ἰόλεω
1851 2361 1919 2404 τὰς
1960 2362 2262 2404 καταπιστώσεις
2303 2361 2493 2399 ποιεῖσθαι

235 2423 344 2466 τοὺς
373 2425 655 2475 ἐρωμένους
682 2426 762 2464 καὶ
791 2426 901 2469 τοὺς
930 2427 1144 2477 ἐραστάς.
1202 2426 1265 2465 Ex
1295 2425 1357 2465 his
1386 2425 1485 2478 ipsis
1514 2427 1646 2466 verbis
1675 2431 1855 2478 apparet,
1886 2425 2098 2477 legendum
2128 2438 2235 2466 esse:
2275 2427 2421 2465 Ἰόλαον
2451 2427 2493 2466 ὁὲ

173 2538 176 2541 ¹
233 2491 349 2541 μέχρι
378 2494 448 2530 νῦν
477 2492 654 2543 σέβονται
682 2492 749 2532 καὶ
776 2496 938 2543 τιμῶσιν
967 2494 1012 2532 οἱ
1040 2493 1259 2544 ἐρῶντες,
1289 2493 1437 2544 ὅρκους
1464 2508 1504 2532 τε
1532 2494 1599 2533 καὶ
1627 2494 1767 2538 πίστεις
1796 2494 1857 2533 ἐπὶ
1885 2498 1953 2533 τοῦ
1982 2495 2110 2545 τάφου
2139 2494 2247 2544 παρὰ
2285 2497 2363 2533 τῶν
2392 2494 2491 2544 ἐρω-

233 2558 368 2608 μένων
395 2557 669 2610 λαμβάνοντες.
729 2557 827 2599 Cum
857 2559 902 2599 01
938 2563 1030 2612 post
1071 2560 1152 2602 ΕΙΝ
1197 2558 1475 2611 intercidisset,
1521 2560 1653 2600 scriba
1696 2564 1874 2600 amantes
1918 2560 2005 2600 loco
2036 2559 2179 2600 cedere
2209 2561 2332 2611 iussit,
2377 2571 2492 2610 quem

235 2628 450 2676 occuparet
479 2624 578 2665 deus
608 2627 790 2670 ἀνίκατος
816 2628 959 2678 μάχαν.

367 2691 414 2730 In
444 2691 584 2732 eodem
615 2693 749 2745 capite
778 2693 963 2745 leguntur
992 2693 1112 2734 haec:
1162 2695 1390 2745 Δωρητικὸς
1434 2695 1476 2734 δὲ
1519 2695 1585 2734 καὶ
1628 2696 1776 2738 ἁπλοῦς
1819 2696 1884 2734 καὶ
1926 2696 2194 2745 μεγαλόφρων
2230 2698 2387 2744 γίγνεται
2416 2698 2493 2737 πᾶς

234 2757 409 2809 ἐραστὴς,
439 2759 514 2797 κᾶν
544 2759 724 2811 γλίσχρος
752 2759 776 2811 ἦ
807 2760 1008 2811 πρότερον,
1038 2765 1106 2812 τῆς
1132 2761 1386 2812 μικρολογίας
1414 2761 1480 2800 καὶ
1508 2761 1764 2812 φιλαργυρίας
1795 2761 1906 2813 δίκην
1949 2761 2112 2813 σιὸήρου
2149 2761 2210 2800 διὰ
2239 2760 2364 2811 πυρὸς
2392 2760 2492 2799 ἀνιε-

231 2825 362 2876 μένης.
406 2825 554 2870 ἁπλοῦς
584 2825 754 2866 coniecit
783 2825 983 2878 Reiskius,
1028 2827 1213 2880 probavit
1235 2827 1587 2868 Winckelmannus
1595 2828 1640 2879 ²),
1671 2827 1750 2879 alii,
1782 2840 1871 2868 cum
1901 2828 2021 2880 vulgo
2051 2828 2248 2880 legeretur
2277 2826 2495 2878 δωρητικὸς

230 2957 300 2990 ἐπεὶ
325 2983 332 2990 .
359 2983 366 2990 .
394 2983 401 2990 .
428 2983 435 2990 .
460 2958 543 2992 θεοῦ
568 2958 627 3001 τὴν
651 2959 821 3002 ὑπεροχὴν
843 2959 1052 3002 ἀνατίθεμεν,
1076 2960 1207 2993 καθότι.
1255 2959 1510 2994 Bernardakis
1536 2961 1729 3003 symbolae
1755 2962 1907 2995 criticae
1928 2965 1965 2995 et
1988 2961 2329 3006 palaeographicae
2356 2962 2395 2995 in
2410 2961 2493 2996 Plu-

230 3013 350 3046 tarchi
375 3013 473 3046 vitas
496 3013 626 3056 parall.
653 3017 690 3048 et
713 3015 872 3048 moralia
894 3014 1047 3058 Lipsiae
1071 3015 1176 3050 1879:
1201 3016 1270 3048 ἐπεὶ
1292 3016 1429 3058 δυνάμει
1453 3016 1511 3049 καῖ
1535 3016 1680 3058 ὠφελείᾳ
1701 3017 1841 3058 μάλιστα
1864 3017 1965 3054 θεοὺς
1988 3018 2158 3060 διαφέρειν
2180 3018 2361 3060 ἡγούμεθα.

355 3069 389 3108 l)
412 3070 520 3106 οὕτως
543 3069 689 3113 ἀσθενὴς
713 3071 770 3109 καὶ
793 3071 960 3114 ἁψίκορός
983 3071 1071 3105 ἔστιν
1095 3072 1116 3115 ἦ
1140 3077 1197 3115 τῆς
1218 3072 1414 3115 Ἀφροδίτης
1437 3072 1534 3115 χάρις
1551 3072 1739 3116 Ἔρωτος
1762 3072 1817 3116 μὴ
1841 3073 2191 3116 ἐπιπνεύσαντος.

354 3125 389 3166 2)
413 3125 604 3159 Plutarchi
630 3136 746 3170 opera
770 3127 928 3161 moralia
952 3127 1092 3162 selecta
1115 3138 1203 3172 pag.
1230 3128 1303 3163 196.
